@STRING{aij	= "Artificial Intelligence" }
@STRING{elsevier= "Elsevier Science" }
@STRING{lnai	= "Lecture Notes in Artificial Intelligence" }
@STRING{lncs	= "Lecture Notes in Computer Science" }
@STRING{springer= "Springer" }
@STRING{tplp	= "Theory and Practice of Logic Programming" }

@InProceedings{	  balduccini09a,
  author	= "M. Balduccini",
  title		= "Representing Constraint Satisfaction Problems in Answer
		  Set Programming",
  booktitle	= "Proceedings of the Second Workshop on Answer Set
		  Programming and Other Computing Paradigms (ASPOCP'09)",
  pages		= "16-30",
  year		= 2009,
  OPTeditor	= "W. Faber and J. Lee"
}

@InCollection{	  baseseti09a,
  title		= "Satisfiability Modulo Theories",
  author	= "C. Barrett and R. Sebastiani and S. Seshia and C. Tinelli",
  OPTchapter	= 26,
  pages		= "825-885",
  crossref	= "SATHandbook"
}

@Article{	  eiererfi13a,
  author	= "T. Eiter and E. Erdem and H. Erdogan and M. Fink",
  title		= "Finding similar/diverse solutions in answer set
		  programming",
  journal	= tplp,
  volume	= 13,
  number	= 3,
  year		= 2013,
  pages		= "303-359"
}

@Article{	  eifikrre12a,
  author	= "T. Eiter and M. Fink and T. Krennwallner and C. Redl",
  title		= "Conflict-driven {ASP} solving with external sources",
  journal	= tplp,
  volume	= 12,
  number	= "4-5",
  year		= 2012,
  pages		= "659-679"
}

@InProceedings{	  gekaotroscwa13a,
  author	= "M. Gebser and B. Kaufmann and R. Otero and J. Romero and
		  T. Schaub and P. Wanko",
  title		= "Domain-specific Heuristics in Answer Set Programming",
  crossref	= "aaai13",
  pages		= "350-356"
}

@Article{	  gekasc09c,
  author	= "M. Gebser and B. Kaufmann and T. Schaub",
  title		= "Conflict-Driven Answer Set Solving: From Theory to
		  Practice",
  journal	= aij,
  year		= 2012,
  volume	= "187-188",
  pages		= "52-89"
}

@InProceedings{	  jalini11a,
  author	= "T. Janhunen and G. Liu and I. Niemelä",
  title		= "Tight Integration of Non-Ground Answer Set Programming and
		  Satisfiability Modulo Theories",
  crossref	= "gttv11",
  pages		= "1-13"
}

@InProceedings{	  lijani12a,
  author	= "G. Liu and T. Janhunen and I. Niemelä",
  title		= "Answer Set Programming via Mixed Integer Programming",
  crossref	= "kr12",
  pages		= "32-42"
}

@InCollection{	  malyma09a,
  title		= "Conflict-Driven Clause Learning {SAT} Solvers",
  author	= "J. Marques-Silva and I. Lynce and S. Malik",
  OPTchapter	= 4,
  pages		= "131-153",
  crossref	= "SATHandbook"
}

@Article{	  ostsch12a,
  author	= "M. Ostrowski and T. Schaub",
  title		= "{ASP} modulo {CSP}: The clingcon system",
  journal	= tplp,
  year		= 2012,
  volume	= 12,
  number	= "4-5",
  pages		= "485-503"
}

@Article{	  siniso02a,
  author	= "P. Simons and I. Niemelä and T. Soininen",
  title		= "Extending and implementing the stable model semantics",
  journal	= aij,
  year		= 2002,
  volume	= 138,
  number	= "1-2",
  pages		= "181-234"
}

@InProceedings{	  gekakasc14b,
  author	= "M. Gebser and R. Kaminski and B. Kaufmann and T. Schaub",
  title		= "\textit{Clingo} = {ASP} + Control: Preliminary Report",
  crossref	= "iclp-tc14",
  note		= "Available at \url{http://arxiv.org/abs/1405.3694}",
  annote	= "USED v1 to indicate version one"
}

@InProceedings{	  bogejakasc15a,
  author	= "J. Bomanson and M. Gebser and T. Janhunen and B. Kaufmann
		  and T. Schaub",
  title		= "Answer Set Programming Modulo Acyclicity",
  crossref	= "lpnmr15",
  pages		= "143-150"
}

@Misc{		  aspcore2,
  author	= "F. Calimeri and W. Faber and M. Gebser and G. Ianni and R.
		  Kaminski and T. Krennwallner and N. Leone and F. Ricca and
		  T. Schaub",
  title		= "{ASP-Core-2}: Input language format",
  howpublished	= "Available at
		  \url{https://www.mat.unical.it/aspcomp2013/ASPStandardization/}",
  year		= 2012
}

@InProceedings{	  lifschitz08b,
  author	= "V. Lifschitz",
  title		= "What Is Answer Set Programming?",
  pages		= "1594-1597",
  crossref	= "aaai08"
}

@InProceedings{	  drewal12a,
  author	= "C. Drescher and T. Walsh",
  title		= "Answer Set Solving with Lazy Nogood Generation",
  pages		= "188-200",
  crossref	= "iclp-lipics12"
}

@InProceedings{	  abblchduhewo14a,
  title		= "The {D-FLAT} System for Dynamic Programming on Tree
		  Decompositions",
  author	= "M. Abseher and B. Bliem and G. Charwat and F. Dusberger
		  and M. Hecher and S. Woltran",
  crossref	= "jelia14",
  pages		= "558-572"
}

@InProceedings{	  cakaossc16a,
  author	= "P. Cabalar and R. Kaminski and M. Ostrowski and T. Schaub",
  title		= "An {ASP} Semantics for Default Reasoning with Constraints",
  pages		= "1015-1021",
  crossref	= "ijcai16"
}

@Article{	  taillard93a,
  title		= "Benchmarks for basic scheduling problems",
  author	= "E. Taillard",
  journal	= "European Journal of Operational Research",
  volume	= 64,
  number	= 2,
  pages		= "278-285",
  year		= 1993,
  publisher	= elsevier
}

@InProceedings{	  cotmal06a,
  title		= "Fast and flexible difference constraint propagation for
		  {DPLL(T)}",
  author	= "S. Cotton and O. Maler",
  pages		= "170-183",
  crossref	= "sat06"
}

@Article{	  bellman58a,
  title		= "On a Routing Problem",
  author	= "R. Bellman",
  journal	= "Quarterly of Applied Mathematics",
  volume	= 16,
  pages		= "87-90",
  year		= 1958
}

@Book{		  forful62a,
  author	= "L. Ford and D. Fulkerson",
  title		= "Flows in networks",
  year		= 1962,
  publisher	= "Princeton University Press"
}

@InProceedings{	  barlee14b,
  author	= "M. Bartholomew and J. Lee",
  title		= "System aspmt2smt: Computing {ASPMT} Theories by {SMT}
		  Solvers",
  pages		= "529-542",
  crossref	= "jelia14"
}

@Article{	  bakakaossc16a,
  author	= "M. Banbara and B. Kaufmann and M. Ostrowski and T. Schaub",
  title		= "Clingcon: The Next Generation",
  journal	= "Submitted for publication",
  year		= "2016",
  optkey	= "",
  optvolume	= "",
  optnumber	= "",
  optpages	= "",
  optmonth	= "",
  optnote	= "",
  optannote	= ""
}

@Misc{		  gekakaosscwa16b,
  author	= "M. Gebser and R. Kaminski and B. Kaufmann and M. Ostrowski
		  and T. Schaub and P. Wanko",
  title		= "Theory Solving made easy with Clingo~5 (Extended Version)",
  howpublished	= "Available at
		  \url{http://www.cs.uni-potsdam.de/wv/publications/}",
  year		= 2016,
  optnote	= "Extended version of~\cite{gekakaosscwa16a}"
}

@Book{		  sathandbook,
  OPTeditor	= "A. Biere and M. Heule and H. {van Maaren} and T. Walsh",
  title		= "Handbook of Satisfiability",
  booktitle	= "Handbook of Satisfiability",
  publisher	= "IOS Press",
  year		= 2009,
  OPTvolume	= 185
}

@Proceedings{	  aaai08,
  OPTeditor	= "D. Fox and C. Gomes",
  title		= "Proceedings of the Twenty-third National Conference on
		  Artificial Intelligence (AAAI'08)",
  booktitle	= "Proceedings of the Twenty-third National Conference on
		  Artificial Intelligence (AAAI'08)",
  publisher	= "AAAI Press",
  year		= 2008
}

@Proceedings{	  aaai13,
  OPTeditor	= "M. {desJardins} and M. Littman",
  title		= "Proceedings of the Twenty-Seventh National Conference on
		  Artificial Intelligence (AAAI'13)",
  booktitle	= "Proceedings of the Twenty-Seventh National Conference on
		  Artificial Intelligence (AAAI'13)",
  publisher	= "AAAI Press",
  year		= 2013
}

@Proceedings{	  gttv11,
  title		= "Proceedings of the First Workshop on Grounding and
		  Transformation for Theories with Variables (GTTV'11)",
  booktitle	= "Proceedings of the First Workshop on Grounding and
		  Transformation for Theories with Variables (GTTV'11)",
  year		= 2011,
  OPTeditor	= "P. Cabalar and D. Mitchell and D. Pearce and E. Ternovska"
}

@Proceedings{	  iclp-lipics12,
  OPTeditor	= "A. Dovier and V. {Santos Costa}",
  title		= "Technical Communications of the Twenty-eighth
		  International Conference on Logic Programming (ICLP'12)",
  booktitle	= "Technical Communications of the Twenty-eighth
		  International Conference on Logic Programming (ICLP'12)",
  OPTvolume	= 17,
  year		= 2012,
  publisher	= "Leibniz International Proceedings in Informatics"
}

@Proceedings{	  iclp-tc14,
  OPTeditor	= "M. Leuschel and T. Schrijvers",
  title		= "Technical Communications of the Thirtieth International
		  Conference on Logic Programming (ICLP'14)",
  booktitle	= "Technical Communications of the Thirtieth International
		  Conference on Logic Programming (ICLP'14)",
  optvolume	= "14",
  optnumber	= "4-5",
  year		= 2014,
  optseries	= "Theory and Practice of Logic Programming"
}

@Proceedings{	  ijcai16,
  OPTeditor	= "R. Kambhampati",
  title		= "Proceedings of the Twenty-fifth International Joint
		  Conference on Artificial Intelligence (IJCAI'16)",
  booktitle	= "Proceedings of the Twenty-fifth International Joint
		  Conference on Artificial Intelligence (IJCAI'16)",
  publisher	= "IJCAI/AAAI Press",
  year		= 2016
}

@Proceedings{	  jelia14,
  title		= "Proceedings of the Fourteenth European Conference on
		  Logics in Artificial Intelligence (JELIA'14)",
  booktitle	= "Proceedings of the Fourteenth European Conference on
		  Logics in Artificial Intelligence (JELIA'14)",
  OPTeditor	= "E. Ferm\'{e} and J. Leite",
  publisher	= springer,
  OPTseries	= lnai,
  OPTvolume	= 8761,
  year		= 2014
}

@Proceedings{	  kr12,
  title		= "Proceedings of the Thirteenth International Conference on
		  Principles of Knowledge Representation and Reasoning
		  (KR'12)",
  booktitle	= "Proceedings of the Thirteenth International Conference on
		  Principles of Knowledge Representation and Reasoning
		  (KR'12)",
  OPTeditor	= "G. Brewka and T. Eiter and S. McIlraith",
  publisher	= "AAAI Press",
  year		= 2012
}

@Proceedings{	  lpnmr15,
  title		= "Proceedings of the Thirteenth International Conference on
		  Logic Programming and Nonmonotonic Reasoning (LPNMR'15)",
  booktitle	= "Proceedings of the Thirteenth International Conference on
		  Logic Programming and Nonmonotonic Reasoning (LPNMR'15)",
  year		= 2015,
  OPTeditor	= "F. Calimeri and G. Ianni and M. Truszczy{\'n}ski",
  OPTvolume	= 9345,
  OPTseries	= lnai,
  publisher	= springer
}

@Proceedings{	  sat06,
  OPTeditor	= "A. Biere and C. Gomes",
  title		= "Proceedings of the Ninth International Conference on
		  Theory and Applications of Satisfiability Testing (SAT'06)",
  booktitle	= "Proceedings of the Ninth International Conference on
		  Theory and Applications of Satisfiability Testing (SAT'06)",
  publisher	= springer,
  OPTseries	= lncs,
  OPTvolume	= 4121,
  year		= 2006
}
