
@Article{cafascwa21a,
  author =	 "P. Cabalar and J. Fandinno and T. Schaub and P. Wanko",
  title =	 "Towards a Semantics for Hybrid ASP systems",
  journal =	 "CoRR",
  year =	 2021,
  volume =	 "abs/2108.03061",
  url =		 "https://arxiv.org/abs/2108.03061"
}
