@inproceedings{DBLP:conf/ifip/Gotlieb62,
  author    = {Calvin C. Gotlieb},
  title     = {The Construction of Class-Teacher Time-Tables},
  booktitle = {Proceedings of IFIP Congress 62},
  editor    = {Cicely M. Popplewell},
  year      = {1962},
  pages     = {73-77},
  publisher = {North-Holland},
  bibsource = {DBLP, http://dblp.uni-trier.de}
}

% CB-CTT Web portal
@article{DBLP:journals/anor/BonuttiCGS12,
  author    = {Alex Bonutti and
               Fabio {De Cesco} and
               Luca {Di Gaspero} and
               Andrea Schaerf},
  title     = {Benchmarking curriculum-based course timetabling: formulations,
               data formats, instances, validation, visualization, and
               results},
  journal   = {Annals of Operations Research},
  volume    = {194},
  number    = {1},
  year      = {2012},
  pages     = {59-70},
  ee        = {http://dx.doi.org/10.1007/s10479-010-0707-0},
  publisher = {Springer},
  bibsource = {DBLP, http://dblp.uni-trier.de}
}

% MaxSAT
@article{DBLP:journals/aicom/AchaN12,
  author    = {Roberto As\'{\i}n Ach{\'a} and Robert Nieuwenhuis},
  title     = {Curriculum-based course timetabling with {SAT} and {MaxSAT}},
  journal   = {Annals of Operations Research},
  XXXvolume    = {},
  XXXnumber    = {},
  year      = {2012},
  pages     = {1-21},
  ee        = {http://dx.doi.org/10.1007/s10479-012-1081-x},
  publisher = {Springer},
  bibsource = {DBLP, http://dblp.uni-trier.de}
}

% Survey
@article{DBLP:journals/air/Schaerf99,
  author    = {Andrea Schaerf},
  title     = {A Survey of Automated Timetabling},
  journal   = {Artificial Intelligence Review},
  volume    = {13},
  number    = {2},
  year      = {1999},
  pages     = {87-127},
  ee        = {http://dx.doi.org/10.1023/A:1006576209967},
  bibsource = {DBLP, http://dblp.uni-trier.de}
}

% Survey
@article{DBLP:journals/eor/BurkeP02,
  author    = {Edmund K. Burke and
               Sanja Petrovic},
  title     = {Recent research directions in automated timetabling},
  journal   = {European Journal of Operational Research},
  volume    = {140},
  number    = {2},
  year      = {2002},
  pages     = {266-280},
  ee        = {http://dx.doi.org/10.1016/S0377-2217(02)00069-3},
  bibsource = {DBLP, http://dblp.uni-trier.de}
}

% Survey
@ARTICLE{Lewis2007:survey,
  author    = {Rhydian Lewis},
  title     = {A Survey of Metaheuristic-based Techniques for University Timetabling
	       Problems},
  journal   = {OR Spectrum},
  year      = {2007},
  volume    = {30},
  number    = {1},
  pages     = {167-190},
  publisher = {Springer-Verlag}
}

% ITC 2007
@TechReport{GasperoMS/ITC2007,
  author      =  {Luca {Di Gaspero} and 
                  Barry McCollum and
                  Andrea Schaerf},
  title       =  {The Second International Timetabling Competition ({ITC}-2007): 
                  Curriculum-based Course Timetabling (Track 3)},
  institution =  {Queen's University},
  year        =  {2007},
  type        =  {Technical Report},  
  XXXnumber      =  {QUB/IEEE/Tech/ITC2007/CurriculumCTT/v1.0/1},
  address     =  {Belfast, United Kingdom},
  ee          =  {{\tt\scriptsize http://www.cs.qub.ac.uk/itc2007/curriculmcourse/report/curriculumtechreport.pdf}}
}

% ITC 2007
@article{DBLP:journals/informs/McCollumSPMLPGQB10,
  author    = {Barry McCollum and
               Andrea Schaerf and
               Ben Paechter and
               Paul McMullan and
               Rhydian Lewis and
               Andrew J. Parkes and
               Luca {Di Gaspero} and
               Rong Qu and
               Edmund K. Burke},
  title     = {Setting the Research Agenda in Automated Timetabling: The
               Second International Timetabling Competition},
  journal   = {INFORMS Journal on Computing},
  volume    = {22},
  number    = {1},
  year      = {2010},
  pages     = {120-130},
  ee        = {http://dx.doi.org/10.1287/ijoc.1090.0320},
  bibsource = {DBLP, http://dblp.uni-trier.de}
}

% Schaerf team: Instances + Local search
@inproceedings{DBLP:conf/patat/GasperoS02,
  author    = {Luca {Di Gaspero} and Andrea Schaerf},
  title     = {Multi-neighbourhood Local Search with Application to Course
               Timetabling},
  booktitle = {Proceedings of the 4th International Conference on the
               Practice and Theory of Automated Timetabling (PATAT 2002)},
  editor    = {Edmund K. Burke and
               Patrick De Causmaecker},
  pages     = {262-275},
  series    = {Lecture Notes in Computer Science},
  volume    = {2740},
  year      = {2003},
  publisher = {Springer},
  address   = {Berlin Heidelberg},
  ee        = {http://dx.doi.org/10.1007/978-3-540-45157-0_17},
  bibsource = {DBLP, http://dblp.uni-trier.de}
}

% Schaerf team: Instances + Local search
@article{DBLP:journals/jmma/GasperoS06,
  author    = {Luca {Di Gaspero} and
               Andrea Schaerf},
  title     = {Neighborhood Portfolio Approach for Local Search Applied
               to Timetabling Problems},
  journal   = {Journal of Mathematical Modelling and Algorithms},
  volume    = {5},
  number    = {1},
  year      = {2006},
  pages     = {65-89},
  ee        = {http://dx.doi.org/10.1007/s10852-005-9032-z},
  bibsource = {DBLP, http://dblp.uni-trier.de}
}

% Integer programming
@article{DBLP:journals/anor/LachL12,
  author    = {Gerald Lach and
               Marco E. L{\"u}bbecke},
  title     = {Curriculum based course timetabling: new solutions to Udine
               benchmark instances},
  journal   = {Annals of Operations Research},
  volume    = {194},
  number    = {1},
  year      = {2012},
  pages     = {255-272},
  ee        = {http://dx.doi.org/10.1007/s10479-010-0700-7},
  bibsource = {DBLP, http://dblp.uni-trier.de}
}

% Hybrid approach based on local search
@article{DBLP:journals/anor/Muller09,
  author    = {Tom{\'a}s M{\"u}ller},
  title     = {{ITC2007} solver description: a hybrid approach},
  journal   = {Annals of Operations Research},
  volume    = {172},
  number    = {1},
  year      = {2009},
  pages     = {429-446},
  ee        = {http://dx.doi.org/10.1007/s10479-009-0644-y},
  bibsource = {DBLP, http://dblp.uni-trier.de}
}

% Tabu search
@article{DBLP:journals/eor/LuH10,
  author    = {Zhipeng L{\"u} and
               Jin-Kao Hao},
  title     = {Adaptive Tabu Search for course timetabling},
  journal   = {European Journal of Operational Research},
  volume    = {200},
  number    = {1},
  year      = {2010},
  pages     = {235-244},
  ee        = {http://dx.doi.org/10.1016/j.ejor.2008.12.007},
  bibsource = {DBLP, http://dblp.uni-trier.de}
}

% IP
@article{DBLP:journals/anor/BurkeMPR12,
  author    = {Edmund K. Burke and
               Jakub Marecek and
               Andrew J. Parkes and
               Hana Rudov{\'a}},
  title     = {A branch-and-cut procedure for the Udine Course Timetabling
               problem},
  journal   = {Annals of Operations Research},
  volume    = {194},
  number    = {1},
  year      = {2012},
  pages     = {71-87},
  ee        = {http://dx.doi.org/10.1007/s10479-010-0828-5},
  bibsource = {DBLP, http://dblp.uni-trier.de}
}

% metaheuristic 
@article{DBLP:journals/heuristics/AbdullahTMM12,
  author    = {Salwani Abdullah and
               Hamza Turabieh and
               Barry McCollum and
               Paul McMullan},
  title     = {A hybrid metaheuristic approach to the university course
               timetabling problem},
  journal   = {Journal of Heuristics},
  volume    = {18},
  number    = {1},
  year      = {2012},
  pages     = {1-23},
  ee        = {http://dx.doi.org/10.1007/s10732-010-9154-y},
  bibsource = {DBLP, http://dblp.uni-trier.de}
}

% IP
@article{DBLP:journals/cor/BurkeMPR10,
  author    = {Edmund K. Burke and
               Jakub Marecek and
               Andrew J. Parkes and
               Hana Rudov{\'a}},
  title     = {Decomposition, reformulation, and diving in university course
               timetabling},
  journal   = {Computers {\&} Operations Research},
  volume    = {37},
  number    = {3},
  year      = {2010},
  pages     = {582-597},
  ee        = {http://dx.doi.org/10.1016/j.cor.2009.02.023},
  bibsource = {DBLP, http://dblp.uni-trier.de}
}

% IP
@article{DBLP:journals/anor/BurkeMPR10,
  author    = {Edmund K. Burke and
               Jakub Marecek and
               Andrew J. Parkes and
               Hana Rudov{\'a}},
  title     = {A supernodal formulation of vertex colouring with applications
               in course timetabling},
  journal   = {Annals of Operations Research},
  volume    = {179},
  number    = {1},
  year      = {2010},
  pages     = {105-130},
  ee        = {http://dx.doi.org/10.1007/s10479-010-0716-z},
  bibsource = {DBLP, http://dblp.uni-trier.de}
}

% local search
@article{DBLP:journals/anor/Geiger12,
  author    = {Martin Josef Geiger},
  title     = {Applying the threshold accepting metaheuristic to curriculum
               based course timetabling - A contribution to the second
               international timetabling competition ITC 2007},
  journal   = {Annals of Operations Research},
  volume    = {194},
  number    = {1},
  year      = {2012},
  pages     = {189-202},
  ee        = {http://dx.doi.org/10.1007/s10479-010-0703-4},
  bibsource = {DBLP, http://dblp.uni-trier.de}
}

% local search + meta-heuristics
@inproceedings{ClarkHL/PATAT2008,
  author    = {Michael Clark and Martin Henz and Bruce Love},
  title     = {QuikFix: A repair-based timetable solver},
  booktitle = {Proceedings of the 7th International Conference on the
               Practice and Theory of Automated Timetabling (PATAT 2008)},
  editor    = {Michel Gendreau and Edmund K. Burke},
  pages     = {},
  series    = {},
  volume    = {},
  year      = {2008},
  publisher = {},
  address   = {},
  note      = {{\tt http://www.comp.nus.edu.sg/\~{}henz/publications/ps/PATAT2008.pdf}}
}

% ITC, gap
@inproceedings{DBLP:conf/patat/McCollum06,
  author    = {Barry McCollum},
  title     = {A Perspective on Bridging the Gap Between Theory and Practice
               in University Timetabling},
  booktitle = {Proceedings of the 6th International Conference on the
               Practice and Theory of Automated Timetabling (PATAT 2006),
               Revised Selected Papers},
  editor    = {Edmund K. Burke and
               Hana Rudov{\'a}},
  year      = {2007},
  pages     = {3-23},
  series    = {Lecture Notes in Computer Science},
  volume    = {3867},
  publisher = {Springer},
  ee        = {http://dx.doi.org/10.1007/978-3-540-77345-0_1},
  bibsource = {DBLP, http://dblp.uni-trier.de}
}

% Multi-criteria CB-CTT
@inproceedings{DBLP:conf/emo/Geiger09,
  author    = {Martin Josef Geiger},
  title     = {Multi-criteria Curriculum-Based Course Timetabling-A Comparison
               of a Weighted Sum and a Reference Point Based Approach},
  booktitle = {Proceedings of the 5th International Conference on 
               Evolutionary Multi-Criterion Optimization (EMO 2009)},
  editor    = {Matthias Ehrgott and
               Carlos M. Fonseca and
               Xavier Gandibleux and
               Jin-Kao Hao and
               Marc Sevaux},
  year      = {2009},
  pages     = {290-304},
  publisher = {Springer-Verlag},
  address   = {Berlin, Heidelberg},
  series    = {Lecture Notes in Computer Science},
  volume    = {5467},
  ee        = {http://dx.doi.org/10.1007/978-3-642-01020-0_25},
  bibsource = {DBLP, http://dblp.uni-trier.de}
}

% Multi-criteria ASP
@InProceedings{gebser_et_al:LIPIcs:2011:3161,
  author =	{Martin Gebser and Roland Kaminski and Benjamin Kaufmann and Torsten Schaub},
  title =	{{Multi-Criteria Optimization in Answer Set Programming}},
  booktitle =	{Technical Communications of the 27th International Conference on Logic Programming (ICLP'11) },
  pages =	{1--10},
  series =	{Leibniz International Proceedings in Informatics (LIPIcs)},
  ISBN =	{978-3-939897-31-6},
  ISSN =	{1868-8969},
  year =	{2011},
  volume =	{11},
  editor =	{John P. Gallagher and Michael Gelfond},
  publisher =	{Schloss Dagstuhl--Leibniz-Zentrum fuer Informatik},
  address =	{Dagstuhl, Germany},
  URL =		{http://drops.dagstuhl.de/opus/volltexte/2011/3161},
  URN =		{urn:nbn:de:0030-drops-31617},
  annote =	{Keywords: Answer Set Programming, Multi-Criteria Optimization, Linux Package Configuration}
}

% unclasp
@inproceedings{DBLP:conf/iclp/AndresKMS12,
  author    = {Benjamin Andres and
               Benjamin Kaufmann and
               Oliver Matheis and
               Torsten Schaub},
  title     = {Unsatisfiability-based optimization in clasp},
  booktitle = {Technical Communications of the 28th International Conference
               on Logic Programming (ICLP'12)},
  editor    = {Agostino Dovier and
               V\'{\i}tor Santos Costa},
  publisher = {Schloss Dagstuhl - Leibniz-Zentrum fuer Informatik},
  series    = {Leibniz International Proceedings in Informatics (LIPIcs)},
  volume    = {17},
  year      = {2012},
  pages     = {211-221},
  ee        = {http://dx.doi.org/10.4230/LIPIcs.ICLP.2012.211},
  bibsource = {DBLP, http://dblp.uni-trier.de}
}

% ASP book
@book{DBLP:series/synthesis/2012Gebser,
  author    = {Martin Gebser and
               Roland Kaminski and
               Benjamin Kaufmann and
               Torsten Schaub},
  title     = {Answer Set Solving in Practice},
  booktitle = {Answer Set Solving in Practice},
  publisher = {Morgan {\&} Claypool Publishers},
  series    = {Synthesis Lectures on Artificial Intelligence and Machine
               Learning},
  year      = {2012},
  ee        = {http://dx.doi.org/10.2200/S00457ED1V01Y201211AIM019},
  bibsource = {DBLP, http://dblp.uni-trier.de}
}

% IP
@inproceedings{DBLP:conf/patat/Carter00,
  author    = {Michael W. Carter},
  title     = {A Comprehensive Course Timetabling and Student Scheduling
               System at the University of Waterloo},
  booktitle = {Proceedings of the 3th International Conference 
               on the Practice and Theory of Automated Timetabling (PATAT 2000)},
  editor    = {Edmund K. Burke and
               Wilhelm Erben},
  publisher = {Springer},
  series    = {Lecture Notes in Computer Science},
  volume    = {2079},
  year      = {2001},
  pages     = {64-84},
  ee        = {http://dx.doi.org/10.1007/3-540-44629-X_5},
  bibsource = {DBLP, http://dblp.uni-trier.de}
}

% IP
@inproceedings{DBLP:conf/patat/QualizzaS04,
  author    = {Andrea Qualizza and
               Paolo Serafini},
  title     = {A Column Generation Scheme for Faculty Timetabling},
  booktitle = {Proceedings of the 5th international conference 
               on the practice and theory of automated timetabling (PATAT 2004)},
  editor    = {Edmund K. Burke and
               Michael A. Trick},
  publisher = {Springer},
  series    = {Lecture Notes in Computer Science},
  volume    = {3616},
  year      = {2005},
  pages     = {161-173},
  ee        = {http://dx.doi.org/10.1007/11593577_10},
  bibsource = {DBLP, http://dblp.uni-trier.de}
}

@article{DBLP:journals/eor/DaskalakiB05,
  author    = {Sophia Daskalaki and
               Theodore Birbas},
  title     = {Efficient solutions for a university timetabling problem
               through integer programming},
  journal   = {European Journal of Operational Research},
  volume    = {160},
  number    = {1},
  year      = {2005},
  pages     = {106-120},
  ee        = {http://dx.doi.org/10.1016/j.ejor.2003.06.023},
  bibsource = {DBLP, http://dblp.uni-trier.de}
}

% IP
@ARTICLE{Schimmelpfeng2007,
  author    = {Katja Schimmelpfeng and Stefan Helber},
  title     = {Application of a real-world university-course timetabling model solved by integer programming},
  journal   = {OR Spectrum},
  year      = {2007},
  volume    = {29},
  number    = {4},
  pages     = {783-803},
  publisher = {Springer-Verlag}
}

% RCPSP
@article{DBLP:journals/constraints/SchuttFSW11,
  author    = {Andreas Schutt and
               Thibaut Feydy and
               Peter J. Stuckey and
               Mark G. Wallace},
  title     = {Explaining the cumulative propagator},
  journal   = {Constraints},
  volume    = {16},
  number    = {3},
  year      = {2011},
  pages     = {250-282},
  ee        = {http://dx.doi.org/10.1007/s10601-010-9103-2},
  bibsource = {DBLP, http://dblp.uni-trier.de}
}


@inproceedings{DBLP:conf/lpnmr/GebserKKSSZ11,
  author    = {Martin Gebser and
               Roland Kaminski and
               Benjamin Kaufmann and
               Torsten Schaub and
               Marius Thomas Schneider and
               Stefan Ziller},
  title     = {A Portfolio Solver for Answer Set Programming: Preliminary
               Report},
  booktitle = {Proceedings of the 11th International Conference on Logic Programming 
               and Nonmonotonic Reasoning (LPNMR 2011)},
  editor    = {James P. Delgrande and
               Wolfgang Faber},
  publisher = {Springer},
  series    = {Lecture Notes in Computer Science},
  volume    = {6645},
  year      = {2011},
  pages     = {352-357},
  ee        = {http://dx.doi.org/10.1007/978-3-642-20895-9_40},
  bibsource = {DBLP, http://dblp.uni-trier.de}
}

% ASP
@INPROCEEDINGS{Faber98representingschool,
  author    = {Wolfgang Faber and Nicola Leone and Gerald Pfeifer},
  title     = {Representing School Timetabling in a Disjunctive Logic Programming Language},
  booktitle = {Proceedings of the 13th Workshop on Logic Programming (WLP'98)},
  editor    = {Uwe Egly and Hans Tompits},
  pages     = {43-52},
  year      = 1998
}


%%%%%%%%%%%%%%%%
@inproceedings{DBLP:conf/iclp/GelfondL88,
  author    = {Michael Gelfond and Vladimir Lifschitz},
  title     = {The Stable Model Semantics for Logic Programming},
  booktitle = {Proceedings of the Fifth International Conference and Symposium on Logic Programming},
  year      = {1988},
  pages     = {1070--1080},
  publisher = {MIT Press},
  bibsource = {DBLP, http://dblp.uni-trier.de}
}

@article{DBLP:journals/amai/Niemela99,
  author    = {Ilkka Niemel{\"a}},
  title     = {Logic Programs with Stable Model Semantics as a Constraint
               Programming Paradigm},
  journal   = {Ann.\ Mathematics and Artificial Intelligence},
  volume    = {25},
  number    = {3--4},
  year      = {1999},
  pages     = {241--273}
}

@book{baral03:cambridge,
  author    = {Chitta Baral},
  title     =  {Knowledge Representation, Reasoning and Declarative Problem Solving},
  publisher = {Cambridge University Press},
  year      = {2003}
}

@INPROCEEDINGS{DBLP:conf/ijcai/GebserKNS07,
  author = {Martin Gebser and Benjamin Kaufmann and Andr{\'e} Neumann and Torsten Schaub},
  title = {Conflict-Driven Answer Set Solving},
  booktitle = IJCAI-2007,
  year = {2007},
  pages = {386--392},
  publisher = {MIT Press},
  ee = {http://dli.iiit.ac.in/ijcai/IJCAI-2007/PDF/IJCAI07-060.pdf},
  timestamp = {2009.11.03}
}

@inproceedings{DBLP:conf/lpnmr/GebserKS09,
  author    = {Martin Gebser and
               Benjamin Kaufmann and
               Torsten Schaub},
  title     = {The Conflict-Driven Answer Set Solver clasp: Progress Report},
  booktitle = {Proceedings of the 10th International Conference on Logic Programming 
               and Nonmonotonic Reasoning (LPNMR 2009)},
  series    = {Lecture Notes in Computer Science},
  volume    = {5753},
  year      = 2009,
  pages     = {509--514},
  publisher = {Springer},
  editor    = {Esra Erdem and Fangzhen Lin and Torsten Schaub},
  ee        = {http://dx.doi.org/10.1007/978-3-642-04238-6_50},
  bibsource = {DBLP, http://dblp.uni-trier.de}
}

@Article{Bettinelli2015,
  author    = {Andrea Bettinelli and Valentina Cacchiani and Roberto Roberti and Paolo and Toth},
  title     = {An overview of curriculum-based course timetabling},
  journal   = {TOP},
  year      = {2015},
  volume    = {23},
  number    = {2},
  pages     = {313--349}
}

@inproceedings{DBLP:conf/ictai/SchwindOKWI14,
  author    = {Nicolas Schwind and
               Tenda Okimoto and
               S{\'{e}}bastien Konieczny and
               Maxime Wack and
               Katsumi Inoue},
  title     = {Utilitarian and Egalitarian Solutions for Multi-objective Constraint
               Optimization},
  booktitle = {Proceedings of the 26th {IEEE} International Conference on Tools with Artificial Intelligence (ICTAI-2014)},
  publisher = {{IEEE} Computer Society},
  pages     = {170--177},
  year      = {2014}
}

@article{DBLP:journals/entcs/EenS03,
  author    = {Niklas E{\'{e}}n and
               Niklas S{\"{o}}rensson},
  title     = {Temporal induction by incremental {SAT} solving},
  journal   = {Electronic Notes in Theoretical Computer Science},
  volume    = {89},
  number    = {4},
  pages     = {543--560},
  year      = {2003},
  ee        = {http://dx.doi.org/10.1016/S1571-0661(05)82542-3},
  timestamp = {Wed, 22 Jun 2011 15:24:30 +0200},
  biburl    = {http://dblp.uni-trier.de/rec/bib/journals/entcs/EenS03},
  bibsource = {dblp computer science bibliography, http://dblp.org}
}

% survey paper on multi-objective optimization
@Article{Marler2004,
  author    = {Marler, R.T. and Arora , J.S.},
  title     = {Survey of multi-objective optimization methods for engineering},
  journal   = {Structural and Multidisciplinary Optimization},
  year      = {2004},
  volume    = {26},
  number    = {6},
  ee        = {http://dx.doi.org/10.1007/s00158-003-0368-6},
  pages     = {369--395}
}

@inproceedings{bainkascsotawa16,
  author    = {Mutsunori Banbara and
               Katsumi Inoue and 
               Benjamin Kaufmann and 
               Torsten Schaub and
               Takehide Soh and 
               Naoyuki Tamura and 
               Philipp Wanko},
  title     = {teaspoon: Solving the Curriculum-Based Course Timetabling Problems with Answer Set Programming},
  booktitle = {Proceedings of the 11th International Conference on the
               Practice and Theory of Automated Timetabling (PATAT 2016)},
  editor    = {Edmund K. Burke and
               Luca {Di Gaspero} and 
               Ender {\"{O}}zcan and 
               Barry McCollum and 
               Andrea Schaerf},
  pages     = {13-32},
  year      = 2016,
  isbn      = {978-0-9929984-1-7}
}

@article{RudovaMM11,
  author    = {Hana Rudov{\'{a}} and
               Tom{\'{a}}s M{\"{u}}ller and
               Keith S. Murray},
  title     = {Complex university course timetabling},
  journal   = {Journal of Scheduling},
  volume    = {14},
  number    = {2},
  pages     = {187--207},
  year      = {2011}
}

@inproceedings{MullerRB04,
  author    = {Tom{\'{a}}s M{\"{u}}ller and
               Hana Rudov{\'{a}} and
               Roman Bart{\'{a}}k},
  title     = {Minimal Perturbation Problem in Course Timetabling},
  editor    = {Edmund K. Burke and
               Michael A. Trick},
  booktitle = {Proceedings of the 5th International Conference on the
               Practice and Theory of Automated Timetabling (PATAT 2004)},
  series    = {LNCS},
  volume    = {3616},
  publisher = {Springer},
  pages     = {126--146},
  year      = {2005}
}

@inproceedings{BartakMR03,
  author    = {Roman Bart{\'{a}}k and
               Tom{\'{a}}s M{\"{u}}ller and
               Hana Rudov{\'{a}}},
  title     = {A New Approach to Modeling and Solving Minimal Perturbation Problems},
  booktitle = {Recent Advances in Constraints, Joint ERCIM/CoLogNET International
               Workshop on Constraint Solving and Constraint Logic Programming, (CSCLP 2003)},
  editor    = {Krzysztof R. Apt and
               Fran{\c{c}}ois Fages and
               Francesca Rossi and
               P{\'{e}}ter Szeredi and
               J{\'{o}}zsef V{\'{a}}ncza},
  series    = {LNCS},
  volume    = {3010},
  publisher = {Springer},
  pages     = {233--249},
  year      = {2004}
}

@Article{Phillips2016,
  author    = {Antony E. Phillips and Cameron G. Walker and Matthias Ehrgott and David M. Ryan},
  title     = {Integer programming for minimal perturbation problems in university course timetabling},
  journal   = {Annals of Operations Research},
  year      = {2016},
  pages     = {1--22}
}

@article {Hani2000,
author = {Hani El Sakkout and Mark Wallace},
title = {Probe backtrack search for minimal perturbation in dynamic scheduling},
journal = {Constraints},
volume = {4},
number = {5},
pages = {359-388},
year = {2000}
}

@article {Roie2011,
author = {Roie Zivan and Alon Grubshtein and Amonon Meisels},
title = {Hybrid search for minimal perturbation in dynamic CSPs},
journal = {Constraints},
volume = {16},
number = {3},
pages = {228-249},
year = {2011}
}

% ASP
@INPROCEEDINGS{Faber98,
  author    = {Wolfgang Faber and Nicola Leone and Gerald Pfeifer},
  title     = {Representing School Timetabling in a Disjunctive Logic Programming Language},
  booktitle = {Proceedings of the 13th Workshop on Logic Programming (WLP'98)},
  editor    = {Uwe Egly and Hans Tompits},
  pages     = {43-52},
  year      = {1998}
}

% MODOP
@book{Ehrgott2005,
 author = {Ehrgott, Matthias},
 title = {Multicriteria Optimization},
 year = {2005},
 publisher = {Springer Berlin Heidelberg},
}

% MODOP (soh)

@inproceedings{sbtl2017,
  author    = {Takehide Soh and
               Mutsunori Banbara and
               Naoyuki Tamura and
               Daniel Le Berre},
  title     = {Solving Multiobjective Discrete Optimization Problems with Propositional
               Minimal Model Generation},
  booktitle = {Proceedings of the 23rd International Conference on 
               Principles and Practice of Constraint Programming (CP 2017)},
  pages     = {596--614},
  year      = {2017},
  series    = {Lecture Notes in Computer Science},
  volume    = {10416},
  publisher = {Springer},
  editor    = {J. Christopher Beck},
  Xurl       = {https://doi.org/10.1007/978-3-319-66158-2_38},
  Xdoi       = {10.1007/978-3-319-66158-2_38},
  Xtimestamp = {Wed, 23 Aug 2017 10:15:24 +0200},
  Xbiburl    = {http://dblp.uni-trier.de/rec/bib/conf/cp/SohBTB17},
  bibsource = {dblp computer science bibliography, http://dblp.org}
}

% Emir's LNS
@article{DBLP:journals/cor/DemirovicM17,
  author    = {Emir Demirovic and
               Nysret Musliu},
  title     = {MaxSAT-based large neighborhood search for high school timetabling},
  journal   = {Computers {\&} {OR}},
  volume    = {78},
  pages     = {172--180},
  year      = {2017},
  Xurl       = {https://doi.org/10.1016/j.cor.2016.08.004},
  Xdoi       = {10.1016/j.cor.2016.08.004},
  Xtimestamp = {Thu, 18 May 2017 09:52:59 +0200},
  Xbiburl    = {http://dblp.uni-trier.de/rec/bib/journals/cor/DemirovicM17},
  bibsource = {dblp computer science bibliography, http://dblp.org}
}