
@article{bopoo04a,
  author    = {Craig Boutilier and
               Ronen I. Brafman and
               Carmel Domshlak and
               Holger H. Hoos and
               David Poole},
  title     = {Preference-Based Constrained Optimization with CP-Nets},
  journal   = {Computational Intelligence},
  volume    = {20},
  number    = {2},
  year      = {2004},
  pages     = {137-157},
  ee        = {http://dx.doi.org/10.1111/j.0824-7935.2004.00234.x},
  bibsource = {DBLP, http://dblp.uni-trier.de}
}


@article{sainoue00a,
  author    = {Chiaki Sakama and
               Katsumi Inoue},
  title     = {Prioritized logic programming and its application to commonsense
               reasoning},
  journal   = {Artif. Intell.},
  volume    = {123},
  number    = {1-2},
  year      = {2000},
  pages     = {185-222},
  ee        = {http://dx.doi.org/10.1016/S0004-3702(00)00054-0},
  bibsource = {DBLP, http://dblp.uni-trier.de}
}

@inproceedings{raygins08,
  author    = {Katrina Ray and
               Matthew L. Ginsberg},
  title     = {The Complexity of Optimal Planning and a More Efficient
               Method for Finding Solutions},
  booktitle = {ICAPS},
  year      = {2008},
  pages     = {280-287},
  ee        = {http://www.aaai.org/Library/ICAPS/2008/icaps08-035.php},
  bibsource = {DBLP, http://dblp.uni-trier.de}
}

@article{balgelnog06a,
  author    = {Marcello Balduccini and
               Michael Gelfond and
               Monica Nogueira},
  title     = {Answer set based design of knowledge systems},
  journal   = {Ann. Math. Artif. Intell.},
  volume    = {47},
  number    = {1-2},
  year      = {2006},
  pages     = {183-219},
  ee        = {http://dx.doi.org/10.1007/s10472-006-9026-1},
  bibsource = {DBLP, http://dblp.uni-trier.de}
}

@phdthesis{nogueira03a,
	author = {M. Nogueira},
	title  = {Building Knowledge Systems in A-Prolog},
	school = {University of Texas at El Paso},
	month  = {May},
	year   = {2003}
}
