@Article{		  asprin,
  title		= "asprin",
  note		= "\url{http://www.cs.uni-potsdam.de/asprin}"
}
