@STRING{aij	= "Artificial Intelligence" }
@STRING{amai	= "Annals of Mathematics and Artificial Intelligence" }
@STRING{lnai	= "Lecture Notes in Artificial Intelligence" }
@STRING{lncs	= "Lecture Notes in Computer Science" }
@STRING{m-k	= "Morgan Kaufmann" }
@STRING{ngc	= "New Generation Computing" }
@STRING{springer= "Springer" }
@STRING{tplp	= "Theory and Practice of Logic Programming" }

@Article{	  asprin,
  title		= "asprin",
  note		= "\url{http://www.cs.uni-potsdam.de/asprin}"
}

@InProceedings{	  angeglharesc13a,
  author	= "B. Andres and M. Gebser and M. Gla{\ss} and C. Haubelt and
		  F. Reimann and T. Schaub",
  title		= "Symbolic System Synthesis Using Answer Set Programming",
  crossref	= "lpnmr13",
  pages		= "79-91"
}

@Book{		  baral02a,
  author	= "C. Baral",
  title		= "Knowledge Representation, Reasoning and Declarative
		  Problem Solving",
  publisher	= "Cambridge University Press",
  year		= 2003
}

@Article{	  basotainsc13a,
  author	= "M. Banbara and T. Soh and N. Tamura and K. Inoue and T.
		  Schaub",
  title		= "Answer Set Programming as a Modeling Language for Course
		  Timetabling",
  journal	= tplp,
  year		= 2013,
  volume	= 13,
  number	= "4-5",
  pages		= "783-798"
}

@InProceedings{	  brnitr03a,
  author	= "G. Brewka and I. Niemelä and M. Truszczy{\'n}ski",
  title		= "Answer Set Optimization",
  crossref	= "ijcai03",
  pages		= "867-872"
}

@Article{	  eiererfi13a,
  author	= "T. Eiter and E. Erdem and H. Erdogan and M. Fink",
  title		= "Finding similar/diverse solutions in answer set
		  programming",
  journal	= tplp,
  volume	= 13,
  number	= 3,
  year		= 2013,
  pages		= "303-359"
}

@Article{	  eitgot95a,
  author	= "T. Eiter and G. Gottlob",
  title		= "On the Computational Cost of Disjunctive Logic Programming",
  journal	= amai,
  volume	= 15,
  number	= "3-4",
  pages		= "289-323",
  year		= 1995
}

@Article{	  eitpol06a,
  author	= "T. Eiter and A. Polleres",
  title		= "Towards automated integration of guess and check programs
		  in answer set programming: a meta-interpreter and
		  applications",
  journal	= tplp,
  volume	= 6,
  number	= "1-2",
  year		= 2006,
  pages		= "23-60"
}

@InProceedings{	  geguivscsithve10a,
  author	= "M. Gebser and C. Guziolowski and M. Ivanchev and T. Schaub
		  and A. Siegel and S. Thiele and P. Veber",
  title		= "Repair and prediction (under inconsistency) in large
		  biological networks with answer set programming",
  pages		= "497-507",
  crossref	= "kr10"
}

@InProceedings{	  gekaotroscwa13a,
  author	= "M. Gebser and B. Kaufmann and R. Otero and J. Romero and
		  T. Schaub and P. Wanko",
  title		= "Domain-specific Heuristics in Answer Set Programming",
  crossref	= "aaai13",
  pages		= "350-356"
}

@Article{	  gekasc11b,
  author	= "M. Gebser and R. Kaminski and T. Schaub",
  title		= "Complex Optimization in Answer Set Programming",
  journal	= tplp,
  volume	= 11,
  number	= "4-5",
  pages		= "821-839",
  year		= 2011
}

@Article{	  gellif91a,
  author	= "M. Gelfond and V. Lifschitz",
  title		= "Classical Negation in Logic Programs and Disjunctive
		  Databases",
  journal	= ngc,
  volume	= 9,
  pages		= "365-385",
  year		= 1991
}

@InProceedings{	  schthi09a,
  author	= "T. Schaub and S. Thiele",
  title		= "Metabolic Network Expansion with {ASP}",
  crossref	= "iclp09",
  pages		= "312-326"
}

@InProceedings{	  sidiqqi11a,
  author	= "S. Siddiqi",
  title		= "Computing Minimum-Cardinality Diagnoses by Model
		  Relaxation",
  year		= 2011,
  pages		= "1087-1092",
  crossref	= "ijcai11"
}

@Article{	  siniso02a,
  author	= "P. Simons and I. Niemelä and T. Soininen",
  title		= "Extending and implementing the stable model semantics",
  journal	= aij,
  year		= 2002,
  volume	= 138,
  number	= "1-2",
  pages		= "181-234"
}

@InProceedings{	  zhutru13a,
  author	= "Y. Zhu and M. Truszczy{\'n}ski",
  title		= "On optimal solutions of answer set optimization problems",
  crossref	= "lpnmr13",
  pages		= "556-568"
}

@InProceedings{	  gekakasc14b,
  author	= "M. Gebser and R. Kaminski and B. Kaufmann and T. Schaub",
  title		= "\textit{Clingo} = {ASP} + Control: Preliminary Report",
  crossref	= "iclp-tc14",
  OPTvolume	= "arXiv:1405.3694v1",
  annote	= "USED v1 to indicate version one"
}

@InProceedings{	  brderosc15a,
  author	= "G. Brewka and J. Delgrande and J. Romero and T. Schaub",
  title		= "asprin: Customizing Answer Set Preferences without a
		  Headache",
  crossref	= "aaai15",
  pages		= "1467-1474"
}

@InProceedings{	  brderosc15b,
  author	= "G. Brewka and J. Delgrande and J. Romero and T. Schaub",
  title		= "Implementing Preferences with asprin",
  crossref	= "lpnmr15",
  pages		= "158-172"
}

@InProceedings{	  nadel11a,
  author	= "A. Nadel",
  title		= "Generating Diverse Solutions in {SAT}",
  pages		= "287-301",
  crossref	= "sat11"
}

@InProceedings{	  hehnocwa05a,
  author	= "E. Hebrard and B. Hnich and B. O'Sullivan and T. Walsh",
  title		= "Finding Diverse and Similar Solutions in Constraint
		  Programming",
  pages		= "372-377",
  year		= 2005,
  crossref	= "aaai05"
}

@InProceedings{	  shimazu01a,
  author	= "H. Shimazu",
  title		= "ExpertClerk: Navigating Shoppers' Buying Process with the
		  Combination of Asking and Proposing",
  pages		= "1443-1448",
  crossref	= "ijcai01"
}

@Book{		  pareto64a,
  author	= "V. Pareto",
  title		= "Cours d'economie politique",
  year		= 1964,
  publisher	= "Librairie Droz"
}

@Misc{	  roscwa16b,
  author	= "J. Romero and T. Schaub and P. Wanko",
  title		= "Computing Diverse Optimal Stable Models (Extended Version)",
  howpublished	= "Available at
		  \url{http://www.cs.uni-potsdam.de/wv/publications/}",
  year		= 2016,
  optnote	= "Extended version of~\cite{roscwa16a}"
}

@Proceedings{	  aaai05,
  OPTeditor	= "M. Veloso and S. Kambhampati",
  title		= "Proceedings of the Twentieth National Conference on
		  Artificial Intelligence (AAAI'05)",
  booktitle	= "Proceedings of the Twentieth National Conference on
		  Artificial Intelligence (AAAI'05)",
  publisher	= "AAAI Press",
  year		= 2005
}

@Proceedings{	  aaai13,
  OPTeditor	= "M. {desJardins} and M. Littman",
  title		= "Proceedings of the Twenty-Seventh National Conference on
		  Artificial Intelligence (AAAI'13)",
  booktitle	= "Proceedings of the Twenty-Seventh National Conference on
		  Artificial Intelligence (AAAI'13)",
  publisher	= "AAAI Press",
  year		= 2013
}

@Proceedings{	  aaai15,
  OPTeditor	= "B. Bonet and S. Koenig",
  title		= "Proceedings of the Twenty-Ninth National Conference on
		  Artificial Intelligence (AAAI'15)",
  booktitle	= "Proceedings of the Twenty-Ninth National Conference on
		  Artificial Intelligence (AAAI'15)",
  publisher	= "AAAI Press",
  year		= 2015
}

@Proceedings{	  iclp-tc14,
  OPTeditor	= "M. Leuschel and T. Schrijvers",
  title		= "Technical Communications of the Thirtieth International
		  Conference on Logic Programming (ICLP'14)",
  booktitle	= "Technical Communications of the Thirtieth International
		  Conference on Logic Programming (ICLP'14)",
  volume	= "14",
  optnumber	= "4-5",
  year		= 2014,
  series	= "Theory and Practice of Logic Programming"
}

@Proceedings{	  iclp09,
  title		= "Proceedings of the Twenty-fifth International Conference
		  on Logic Programming (ICLP'09)",
  year		= 2009,
  booktitle	= "Proceedings of the Twenty-fifth International Conference
		  on Logic Programming (ICLP'09)",
  OPTeditor	= "P. Hill and D. Warren",
  OPTvolume	= 5649,
  OPTseries	= lncs,
  publisher	= springer
}

@Proceedings{	  ijcai01,
  title		= "Proceedings of the Seventeenth International Joint
		  Conference on Artificial Intelligence (IJCAI'01)",
  booktitle	= "Proceedings of the Seventeenth International Joint
		  Conference on Artificial Intelligence (IJCAI'01)",
  OPTeditor	= "B. Nebel",
  year		= 2001,
  publisher	= m-k
}

@Proceedings{	  ijcai03,
  OPTeditor	= "G. Gottlob and T. Walsh",
  title		= "Proceedings of the Eighteenth International Joint
		  Conference on Artificial Intelligence (IJCAI'03)",
  booktitle	= "Proceedings of the Eighteenth International Joint
		  Conference on Artificial Intelligence (IJCAI'03)",
  year		= 2003,
  publisher	= m-k
}

@Proceedings{	  ijcai11,
  OPTeditor	= "T. Walsh",
  title		= "Proceedings of the Twenty-second International Joint
		  Conference on Artificial Intelligence (IJCAI'11)",
  booktitle	= "Proceedings of the Twenty-second International Joint
		  Conference on Artificial Intelligence (IJCAI'11)",
  publisher	= "IJCAI/AAAI Press",
  year		= 2011
}

@Proceedings{	  kr10,
  title		= "Proceedings of the Twelfth International Conference on
		  Principles of Knowledge Representation and Reasoning
		  (KR'10)",
  booktitle	= "Proceedings of the Twelfth International Conference on
		  Principles of Knowledge Representation and Reasoning
		  (KR'10)",
  OPTeditor	= "F. Lin and U. Sattler",
  publisher	= "AAAI Press",
  year		= 2010
}

@Proceedings{	  lpnmr13,
  title		= "Proceedings of the Twelfth International Conference on
		  Logic Programming and Nonmonotonic Reasoning (LPNMR'13)",
  booktitle	= "Proceedings of the Twelfth International Conference on
		  Logic Programming and Nonmonotonic Reasoning (LPNMR'13)",
  year		= 2013,
  OPTeditor	= "P. Cabalar and T. Son",
  OPTvolume	= 8148,
  OPTseries	= lnai,
  publisher	= springer
}

@Proceedings{	  lpnmr15,
  title		= "Proceedings of the Thirteenth International Conference on
		  Logic Programming and Nonmonotonic Reasoning (LPNMR'15)",
  booktitle	= "Proceedings of the Thirteenth International Conference on
		  Logic Programming and Nonmonotonic Reasoning (LPNMR'15)",
  year		= 2015,
  OPTeditor	= "F. Calimeri and G. Ianni and M. Truszczy{\'n}ski",
  OPTvolume	= 9345,
  OPTseries	= lnai,
  publisher	= springer
}

@Proceedings{	  sat11,
  OPTeditor	= "K. Sakallah and L. Simon",
  title		= "Proceedings of the Fourteenth International Conference on
		  Theory and Applications of Satisfiability Testing (SAT'11)",
  booktitle	= "Proceedings of the Fourteenth International Conference on
		  Theory and Applications of Satisfiability Testing (SAT'11)",
  publisher	= springer,
  OPTseries	= lncs,
  OPTvolume	= 6695,
  year		= 2011
}
