@Inproceedings{cafascsc18a,
  author = "P. Cabalar and J. Fandinno and T. Schaub and S. Schellhorn",
  title = "Lower Bound Founded Logic of Here-and-There: A Preliminary Report",
  pages = "31-41",
  year = "2018",
  booktitle = "17th International Workshop on Non-Monotonic Reasoning (NMR@KR)"
}

@Inproceedings{romero17b,
  author =	 "J. Romero",
  title =	 "Extending Answer Set Programming with Declarative Heuristics, Preferences, and Online Planning",
  editor =	 "M. {de Vos}",
  pages =	 "28-30",
  booktitle =	 "14th International Conference on Logic Programming and Nonmonotonic Reasoning Doctoral Consortium (LPNMR'17 DC)",
  year =	 2017
}

@Article{ugbocrleloplraso16a,
  author =	 "W. Ugarte and P. Boizumault and B. Cr{\'e}milleux and A. Lepailleur and S. Loudni and M. Plantevit and C. Ra{\"\i}ssi and A. Soulet",
  title =	 "Skypattern Mining: From Pattern Condensed Representations to Dynamic Constraint Satisfaction Problems",
  journal =	 aij,
  year =	 2016,
  note =	 "To appear"
}

@Article{gejari15a,
  author =	 "M. Gebser and T. Janhunen and J. Rintanen",
  title =	 "Declarative Encodings of Acyclicity Properties",
  journal =	 jlc,
  note =	 "In press"
}

@inproceedings{raogeo95a,
  title =	 "{BDI} Agents: From Theory to Practice.",
  author =	 "A. Rao and M. Georgeff and others",
  booktitle =	 "ICMAS",
  volume =	 95,
  pages =	 "312-319",
  year =	 1995
}

@article{dogalemurisc16a,
  author =	 "C. Dodaro and P. Gasteiger and N. Leone and B. Musitsch and F. Ricca and K. Schekotihin",
  title =	 "Driving {CDCL} Search",
  journal =	 "CoRR",
  volume =	 "abs/1611.05190",
  year =	 2016,
  url =		 "http://arxiv.org/abs/1611.05190"
}

@article{nefrle17a,
  author =	 "N. Newman and A. Fr{\'{e}}chette and K. Leyton{-}Brown",
  title =	 "Deep Optimization for Spectrum Repacking",
  journal =	 "CoRR",
  volume =	 "abs/1706.03304",
  year =	 2017,
  url =		 "http://arxiv.org/abs/1706.03304",
  timestamp =	 "Mon, 03 Jul 2017 13:29:02 +0200",
  biburl =	 "http://dblp.uni-trier.de/rec/bib/journals/corr/NewmanFL17",
  bibsource =	 "dblp computer science bibliography, http://dblp.org"
}

@Article{alvfab18a,
  author =	 "M. Alviano and W. Faber",
  title =	 "Aggregates in Answer Set Programming",
  journal =	 "Künstliche Intelligenz",
  year =	 2018,
  note =	 "To appear."
}

@Article{capeva18a,
  author =	 "P. Cabalar and D. Pearce and A. Valverde",
  title =	 "Answer Set Programming from a Logical Point of View",
  journal =	 "Künstliche Intelligenz",
  year =	 2018,
  note =	 "To appear."
}

@Inproceedings{ostrowski17b,
  author =	 "M. Ostrowski",
  title =	 "Modern Constraint Answer Set Solving",
  editor =	 "M. {de Vos}",
  pages =	 "22-27",
  booktitle =	 "14th International Conference on Logic Programming and Nonmonotonic Reasoning Doctoral Consortium (LPNMR'17 DC)",
  year =	 2017
}

@Inproceedings{schellhorn17a,
  author =	 "S. Schellhorn",
  title =	 "Theory Reasoning with Answer Set Programming",
  editor =	 "M. {de Vos}",
  pages =	 "31-34",
  booktitle =	 "14th International Conference on Logic Programming and Nonmonotonic Reasoning Doctoral Consortium (LPNMR'17 DC)",
  year =	 2017
}

@Inproceedings{everardo17b,
  author =	 "F. Everardo",
  title =	 "Sampling and Search Space with Answer Set Programming",
  editor =	 "M. {de Vos}",
  pages =	 "1-4",
  booktitle =	 "14th International Conference on Logic Programming and Nonmonotonic Reasoning Doctoral Consortium (LPNMR'17 DC)",
  year =	 2017
}

@Inproceedings{luehne17a,
  author =	 "P. L{\"u}hne",
  title =	 "Discovering and Proving Invariants in Answer Set Programming and Planning",
  editor =	 "M. {de Vos}",
  pages =	 "17-21",
  booktitle =	 "14th International Conference on Logic Programming and Nonmonotonic Reasoning Doctoral Consortium (LPNMR'17 DC)",
  year =	 2017
}

@InProceedings{nehawasc18c,
  title =	 "Systematic Test Case Instance Generation for the Assessment of System-level Design Space Exploration Approaches",
  author =	 "K. Neubauer and C. Haubelt and P. Wanko and T. Schaub",
  note =	 "To appear",
  crossref =	 "mbmv18"
}

@InProceedings{schaub18a,
  author = 	 "T. Schaub",
  title = 	 "How to upgrade {ASP} for true dynamic modelling and solving?",
  OPTcrossref =  "",
  OPTkey = 	 "",
  booktitle =	 "Proceedings of the Second International Workshop on Logic and Practice of Programming (LPOP'18)",
  year =	 "2018",
  editor =	 "D. Warren and A. Liu",
  OPTvolume = 	 "",
  OPTnumber = 	 "",
  OPTseries = 	 "",
  OPTpages = 	 "",
  OPTmonth = 	 "",
  OPTaddress = 	 "",
  OPTorganization = "",
  OPTpublisher = "",
  note =	 "Available at \url{http://lpop.cs.stonybrook.edu}",
  OPTannote = 	 ""
}

@InProceedings{soomee19a,
  author =	 "M. Soos and K. Meel",
  title =	 "BIRD: Engineering an Efficient CNF-XOR SAT Solver and its Applications to Approximate Model Counting",
  OPTpages =	 "",
  crossref =	 "aaai19",
  note =	 "To appear"
}

@Proceedings{aaai19,
  editor =	 "P. {Van Hentenryck} and Z. Zhou",
  title =	 "Proceedings of the Thirty-third National Conference on Artificial Intelligence (AAAI'19)",
  booktitle =	 "Proceedings of the Thirty-third National Conference on Artificial Intelligence (AAAI'19)",
  publisher =	 "AAAI Press",
  year =	 2019
}

@Article{markey03a,
  author =	 "N. Markey",
  journal =	 "{EATCS} Bulletin",
  pages =	 "122-128",
  publisher =	 "{EATCS}",
  title =	 "Temporal Logic with Past is Exponentially More Succinct",
  volume =	 79,
  year =	 2003,
}

@InProceedings{baldie16,
  author =	 "P. Balbiani and M. Di{\'{e}}guez",
  title =	 "Temporal Here and There",
  crossref =	 "jelia16",
  pages =	 "81-96"
}

@Article{degiacomo96a,
  author =	 "G. {De Giacomo}",
  title =	 "Eliminating ``converse'' from converse PDL",
  journal =	 "Journal of Logic, Language and Information",
  year =	 1996,
  volume =	 5,
  number =	 2,
  pages =	 "193-208",
}

@Book{goldblatt92a,
  Address =	 "Stanford, California",
  Author =	 "R. Goldblatt",
  Edition =	 2,
  Number =	 7,
  Publisher =	 "Center for the Study of Language and Information",
  Series =	 "{CSLI} Lecture Notes",
  Title =	 "Logics of Time and Computation",
  Year =	 1992
}

@article{fislad79a,
  title =	 "Propositional dynamic logic of regular programs",
  journal =	 "Journal of Computer and System Sciences",
  volume =	 18,
  number =	 2,
  pages =	 "194-211",
  year =	 1979,
  author =	 "M. Fischer and R. Ladner"
}

@article{behapn82a,
  title =	 "Deterministic propositional dynamic logic: Finite models, complexity, and completeness",
  author =	 "H. Ben-Ari and J. Halpern and A. Pnueli",
  journal =	 "Journal of computer and system sciences",
  volume =	 25,
  number =	 3,
  pages =	 "402-417",
  year =	 1982,
  publisher =	 elsevier
}

@article{brelgoknlepu16a,
  author =       "G. Brewka and S. Ellmauthaler and R. Gon{\c{c}}alves and M. Knorr and J. Leite and J. P{\"{u}}hrer",
  title =        "Reactive Multi-Context Systems: Heterogeneous Reasoning in Dynamic Environments",
  journal =      "CoRR",
  volume =       "abs/1609.03438",
  url =          "http://arxiv.org/abs/1609.03438",
  year =         2016
}

@MastersThesis{schaepers17a,
  author =       "B. Sch{\"a}pers",
  title =        "Centralized Global Planning using Reactive Answer Set Programming with Real-time Constraints for Autonomous Mobile Robots",
  school =       "RWTH Aachen University, Knowledge-Based Systems Group",
  year =         "2017",
}
