@InProceedings{loon81,
  author =       "J. van Loon",
  title =        "Irreducibly Inconsistent Systems of Linear Inequalities", 
  pages =        "283-288",
  crossref =     "ejor81",
  volume =       3, 
}

@Proceedings{ejor81,
  title =        "European Journal of Operational Research",
  booktitle =    "European Journal of Operational Research",
  publisher =    elsevier,
  volume =       8,
  year =         1981
}
