@Book{ARHandbook,
  editor =	 "A. Robinson and A. Voronkov",
  title =	 "Handbook of Automated Reasoning",
  booktitle =	 "Handbook of Automated Reasoning",
  publisher =	 "Elsevier and MIT Press",
  year =	 2001
}

@Book{CPHandbook,
  editor =	 "F. Rossi and P. {van Beek} and T. Walsh",
  title =	 "Handbook of Constraint Programming",
  booktitle =	 "Handbook of Constraint Programming",
  publisher =	 elsevier,
  year =	 2006
}

@Book{DLHandbook,
  editor =	 "F. Baader and D. Calvanese and D. McGuinness and D. Nardi and P. Patel-Schneider",
  title =	 "The Description Logic Handbook: Theory, Implementation, and Applications",
  publisher =	 "Cambridge University Press",
  year =	 2003
}

@Book{EncyclopediaDB,
  editor =	 "L. Liu and M. {\"O}zsu",
  title =	 "Encyclopedia of Database Systems",
  booktitle =	 "Encyclopedia of Database Systems",
  publisher =	 springer,
  year =	 2009
}

@Book{KRHandbook,
  editor =	 "V. Lifschitz and F. {van Harmelen} and B. Porter",
  booktitle =	 "Handbook of Knowledge Representation",
  title =	 "Handbook of Knowledge Representation",
  publisher =	 elsevier,
  year =	 2008
}

@Book{MLHandbook,
  editor =	 "P. Blackburn and F. Wolter and J. van Benthem",
  title =	 "Handbook of Modal Logic",
  publisher =	 elsevier,
  year =	 2006
}

@Book{SATHandbook,
  editor =	 "A. Biere and M. Heule and H. {van Maaren} and T. Walsh",
  title =	 "Handbook of Satisfiability",
  booktitle =	 "Handbook of Satisfiability",
  publisher =	 "IOS Press",
  year =	 2009,
  volume =	 185,
  series =	 "Frontiers in Artificial Intelligence and Applications"
}

@Book{TableauHandbook,
  editor =	 "M. {D'Agostino} and D. Gabbay and R. H{\"a}hnle and J. Posegga",
  title =	 "Handbook of Tableau Methods",
  booktitle =	 "Handbook of Tableau Methods",
  publisher =	 kluwer,
  year =	 1999
}

@Book{PHandbook,
  editor =	 "D. Gabbay and F. Guenthner",
  title =	 "Handbook of Philosophical Logic",
  booktitle =	 "Handbook of Philosophical Logic",
  publisher =	 kluwer,
  year =	 2001
}

@Proceedings{aaai00,
  title =	 "Proceedings of the Seventeenth National Conference on Artificial Intelligence (AAAI'00)",
  booktitle =	 "Proceedings of the Seventeenth National Conference on Artificial Intelligence (AAAI'00)",
  publisher =	 aaaimit,
  year =	 2000
}

@Proceedings{aaai02,
  title =	 "Proceedings of the Eighteenth National Conference on Artificial Intelligence (AAAI'02)",
  booktitle =	 "Proceedings of the Eighteenth National Conference on Artificial Intelligence (AAAI'02)",
  publisher =	 "AAAI Press",
  year =	 2002
}

@Proceedings{aaai04,
  editor =	 "D. McGuinness and G. Ferguson",
  title =	 "Proceedings of the Nineteenth National Conference on Artificial Intelligence (AAAI'04)",
  booktitle =	 "Proceedings of the Nineteenth National Conference on Artificial Intelligence (AAAI'04)",
  publisher =	 "AAAI Press",
  year =	 2004
}

@Proceedings{aaai05,
  editor =	 "M. Veloso and S. Kambhampati",
  title =	 "Proceedings of the Twentieth National Conference on Artificial Intelligence (AAAI'05)",
  booktitle =	 "Proceedings of the Twentieth National Conference on Artificial Intelligence (AAAI'05)",
  publisher =	 "AAAI Press",
  year =	 2005,
}

@Proceedings{aaai06,
  editor =	 "Y. Gil and R. Mooney",
  title =	 "Proceedings of the Twenty-first National Conference on Artificial Intelligence (AAAI'06)",
  booktitle =	 "Proceedings of the Twenty-first National Conference on Artificial Intelligence (AAAI'06)",
  publisher =	 "AAAI Press",
  year =	 2006
}

@Proceedings{aaai07,
  title =	 "Proceedings of the Twenty-second National Conference on Artificial Intelligence (AAAI'07)",
  booktitle =	 "Proceedings of the Twenty-second National Conference on Artificial Intelligence (AAAI'07)",
  publisher =	 "AAAI Press",
  year =	 2007
}

@Proceedings{aaai08,
  editor =	 "D. Fox and C. Gomes",
  title =	 "Proceedings of the Twenty-third National Conference on Artificial Intelligence (AAAI'08)",
  booktitle =	 "Proceedings of the Twenty-third National Conference on Artificial Intelligence (AAAI'08)",
  publisher =	 "AAAI Press",
  year =	 2008
}

@Proceedings{aaai10,
  editor =	 "M. Fox and D. Poole",
  title =	 "Proceedings of the Twenty-fourth National Conference on Artificial Intelligence (AAAI'10)",
  booktitle =	 "Proceedings of the Twenty-fourth National Conference on Artificial Intelligence (AAAI'10)",
  publisher =	 "AAAI Press",
  year =	 2010
}

@Proceedings{aaai13,
  editor =	 "M. {desJardins} and M. Littman",
  title =	 "Proceedings of the Twenty-Seventh National Conference on Artificial Intelligence (AAAI'13)",
  booktitle =	 "Proceedings of the Twenty-Seventh National Conference on Artificial Intelligence (AAAI'13)",
  publisher =	 "AAAI Press",
  year =	 2013
}

@Proceedings{aaai14,
  editor =	 "C. Brodley and P. Stone",
  title =	 "Proceedings of the Twenty-Eighth National Conference on Artificial Intelligence (AAAI'14)",
  booktitle =	 "Proceedings of the Twenty-Eighth National Conference on Artificial Intelligence (AAAI'14)",
  publisher =	 "AAAI Press",
  year =	 2014
}

@Proceedings{aaai15,
  editor =	 "B. Bonet and S. Koenig",
  title =	 "Proceedings of the Twenty-Ninth National Conference on Artificial Intelligence (AAAI'15)",
  booktitle =	 "Proceedings of the Twenty-Ninth National Conference on Artificial Intelligence (AAAI'15)",
  publisher =	 "AAAI Press",
  year =	 2015
}

@Proceedings{aaai16,
  editor =	 "D. Schuurmans and M. Wellman",
  title =	 "Proceedings of the Thirtieth National Conference on Artificial Intelligence (AAAI'16)",
  booktitle =	 "Proceedings of the Thirtieth National Conference on Artificial Intelligence (AAAI'16)",
  publisher =	 "AAAI Press",
  year =	 2016
}

@Proceedings{aaai17,
  editor =       "P. Satinder and S. Markovitch",
  title =        "Proceedings of the Thirty-first National Conference on Artificial Intelligence (AAAI'17)",
  booktitle =    "Proceedings of the Thirty-first National Conference on Artificial Intelligence (AAAI'17)",
  publisher =    "AAAI Press",
  year =         2017
}
@Proceedings{aaai87,
  editor =	 "K. Forbus and H. Shrobe",
  title =	 "Proceedings of the Sixth National Conference on Artificial Intelligence (AAAI'87)",
  booktitle =	 "Proceedings of the Sixth National Conference on Artificial Intelligence (AAAI'87)",
  publisher =	 m-k,
  year =	 1987
}

@Proceedings{aaai94,
  editor =	 "B. Hayes-Roth and R. Korf",
  title =	 "Proceedings of the Twelfth National Conference on Artificial Intelligence (AAAI'94)",
  booktitle =	 "Proceedings of the Twelfth National Conference on Artificial Intelligence (AAAI'94)",
  publisher =	 "AAAI Press",
  year =	 1994
}

@Proceedings{aaai96,
  editor =	 "W. Clancey and D. Weld",
  title =	 "Proceedings of the Thirteenth National Conference on Artificial Intelligence (AAAI'96)",
  booktitle =	 "Proceedings of the Thirteenth National Conference on Artificial Intelligence (AAAI'96)",
  publisher =	 aaaimit,
  year =	 1996
}

@Proceedings{aaai97,
  title =	 "Proceedings of the Fourteenth National Conference on Artificial Intelligence (AAAI'97)",
  booktitle =	 "Proceedings of the Fourteenth National Conference on Artificial Intelligence (AAAI'97)",
  publisher =	 aaaimit,
  year =	 1997
}

@Proceedings{aaai98,
  title =	 "Proceedings of the Fifteenth National Conference on Artificial Intelligence (AAAI'98)",
  booktitle =	 "Proceedings of the Fifteenth National Conference on Artificial Intelligence (AAAI'98)",
  publisher =	 aaaimit,
  year =	 1998
}

@Proceedings{aaai99,
  editor =	 "J. Hendler and D. Subramanian",
  title =	 "Proceedings of the Sixteenth National Conference on Artificial Intelligence (AAAI'99)",
  booktitle =	 "Proceedings of the Sixteenth National Conference on Artificial Intelligence (AAAI'99)",
  publisher =	 aaaimit,
  year =	 1999
}

@Proceedings{aamas09,
  editor =	 "C. Sierra and C. Castelfranchi and K. Decker and J. Sichman",
  title =	 "Proceedings of the Eighth International Joint Conference on Autonomous Agents and Multiagent Systems (AAMAS 2009)",
  booktitle =	 "Proceedings of the Eighth International Joint Conference on Autonomous Agents and Multiagent Systems (AAMAS 2009)",
  publisher =	 "IFAAMAS",
  year =	 2009
}

@Proceedings{aamas10,
  editor =	 "W. {van der Hoek} and G. Kaminka and Y. Lesp{\'e}rance and M. Luck and S. Sen",
  title =	 "Proceedings of the Ninth International Conference on Autonomous Agents and Multiagent Systems (AAMAS'10)",
  booktitle =	 "Proceedings of the Ninth International Conference on Autonomous Agents and Multiagent Systems (AAMAS'10)",
  publisher =	 "IFAAMAS",
  year =	 2010
}

@Book{ads07,
  editor =	 "C. Aggarwal",
  title =	 "Data Streams --- Models and Algorithms",
  publisher =	 springer,
  series =	 "Advances in Database Systems",
  volume =	 31,
  year =	 2007
}

@Proceedings{agp03,
  editor =	 "F. Buccafurri",
  title =	 "Proceedings of the Joint Conference on Declarative Programming (AGP'03)",
  booktitle =	 "Proceedings of the Joint Conference on Declarative Programming (AGP'03)",
  year =	 2003
}

@Proceedings{ai11,
  editor =	 "C. Butz and P. Lingras",
  title =	 "Proceedings of the Twenty-fourth Canadian Conference on Artificial Intelligence",
  booktitle =	 "Proceedings of the Twenty-fourth Canadian Conference on Artificial Intelligence",
  publisher =	 springer,
  series =	 lncs,
  volume =	 6657,
  year =	 2011
}

@Proceedings{aimsa08,
  editor =	 "D. Dochev and M. Pistore and P. Traverso",
  title =	 "Proceedings of the Thirteenth International Conference on Artificial Intelligence: Methodology, Systems, and Applications
                  (AIMSA'08)",
  booktitle =	 "Proceedings of the Thirteenth International Conference on Artificial Intelligence: Methodology, Systems, and Applications
                  (AIMSA'08)",
  publisher =	 springer,
  series =	 lnai,
  volume =	 5253,
  year =	 2008
}

@Proceedings{aips07,
  editor =	 "M. Boddy and M. Fox and S. Thi{\'e}baux",
  title =	 "Proceedings of the Seventeenth International Conference on Automated Planning and Scheduling (ICAPS'07)",
  booktitle =	 "Proceedings of the Seventeenth International Conference on Automated Planning and Scheduling (ICAPS'07)",
  publisher =	 "AAAI Press",
  year =	 2007
}

@Proceedings{aips14,
  editor =	 "S. Chien and M. Do and A. Fern and W. Ruml",
  title =	 "Proceedings of the Twenty-Fourth International Conference on Automated Planning and Scheduling (ICAPS'14)",
  booktitle =	 "Proceedings of the Twenty-Fourth International Conference on Automated Planning and Scheduling (ICAPS'14)",
  publisher =	 "AAAI Press",
  year =	 2014,
  url =		 "http://www.aaai.org/Library/ICAPS/icaps14contents.php"
}

@Proceedings{amai04,
  title =	 "Proceedings of the Eighth International Symposium on Artificial Intelligence and Mathematics",
  booktitle =	 "Proceedings of the Eighth International Symposium on Artificial Intelligence and Mathematics",
  year =	 2004
}

@Proceedings{anb10,
  editor =	 "K. Horimoto and M. Nakatsui and N. Popov",
  title =	 "Proceedings of the Fourth International Conference on Algebraic and Numeric Biology (ANB'10)",
  booktitle =	 "Proceedings of the Fourth International Conference on Algebraic and Numeric Biology (ANB'10)",
  publisher =	 springer,
  series =	 lncs,
  volume =	 6479,
  year =	 2012
}

@Proceedings{aose00,
  editor =	 "P. Ciancarini and M. Wooldridge",
  title =	 "Proceedings of the First International Workshop of Agent-Oriented Software Engineering (AOSE'00)",
  booktitle =	 "Proceedings of the First International Workshop of Agent-Oriented Software Engineering (AOSE'00)",
  series =	 lncs,
  year =	 2001,
  volume =	 1957,
  publisher =	 springer
}

@Proceedings{asp01,
  editor =	 "A. Provetti and T. Son",
  title =	 "Proceedings of the AAAI Spring Symposium on Answer Set Programming (ASP'01)",
  booktitle =	 "Proceedings of the AAAI Spring Symposium on Answer Set Programming (ASP'01)",
  year =	 2001,
  publisher =	 aaaimit
}

@Proceedings{asp03,
  title =	 "Proceedings of the Second International Workshop on Answer Set Programming (ASP'03)",
  booktitle =	 "Proceedings of the Second International Workshop on Answer Set Programming (ASP'03)",
  year =	 2003,
  editor =	 "M. {de Vos} and A. Provetti",
  volume =	 78,
  publisher =	 "CEUR Workshop Proceedings (CEUR-WS.org)"
}

@Proceedings{asp05,
  title =	 "Proceedings of the Third International Workshop on Answer Set Programming (ASP'05)",
  booktitle =	 "Proceedings of the Third International Workshop on Answer Set Programming (ASP'05)",
  year =	 2005,
  editor =	 "M. {de Vos} and A. Provetti",
  volume =	 142,
  publisher =	 "CEUR Workshop Proceedings (CEUR-WS.org)",
  url =		 "http://ceur-ws.org/Vol-142"
}

@Proceedings{asp07,
  title =	 "Proceedings of the Fourth International Workshop on Answer Set Programming (ASP'07)",
  booktitle =	 "Proceedings of the Fourth International Workshop on Answer Set Programming (ASP'07)",
  editor =	 "S. Costantini and R. Watson",
  year =	 2007
}

@Proceedings{asplos00,
  editor =	 "L. Rudolph and A. Gupta",
  title =	 "Proceedings of the Ninth International Conference on Architectural Support for Programming Languages and Operating Systems
                  (ASPLOS'00)",
  booktitle =	 "Proceedings of the Ninth International Conference on Architectural Support for Programming Languages and Operating Systems
                  (ASPLOS'00)",
  publisher =	 "ACM Press",
  year =	 2000
}

@Proceedings{aspocp12,
  editor =	 "M. Fink and Y. Lierler",
  title =	 "Proceedings of the Fifth Workshop on Answer Set Programming and Other Computing Paradigms (ASPOCP'12)",
  booktitle =	 "Proceedings of the Fifth Workshop on Answer Set Programming and Other Computing Paradigms (ASPOCP'12)",
  year =	 2012
}

@Proceedings{aspocp13,
  editor =	 "M. Fink and Y. Lierler",
  title =	 "Proceedings of the Sixth Workshop on Answer Set Programming and Other Computing Paradigms (ASPOCP'13)",
  booktitle =	 "Proceedings of the Sixth Workshop on Answer Set Programming and Other Computing Paradigms (ASPOCP'13)",
  publisher =	 "CoRR",
  year =	 2013
}

@Proceedings{aspocp14,
  editor =	 "D. Inclezan and M. Maratea",
  title =	 "Proceedings of the Seventh Workshop on Answer Set Programming and Other Computing Paradigms (ASPOCP'14)",
  booktitle =	 "Proceedings of the Seventh Workshop on Answer Set Programming and Other Computing Paradigms (ASPOCP'14)",
  year =	 2014
}

@Proceedings{aspocp15,
  editor =	 "D. Inclezan and M. Maratea",
  title =	 "Proceedings of the Eighth Workshop on Answer Set Programming and Other Computing Paradigms (ASPOCP'15)",
  booktitle =	 "Proceedings of the Eighth Workshop on Answer Set Programming and Other Computing Paradigms (ASPOCP'15)",
  year =	 2015
}

@Proceedings{aspocp17,
  editor =	 "B. Bogaerts and A. Harrison",
  title =	 "Proceedings of the Tenth Workshop on Answer Set Programming and Other Computing Paradigms (ASPOCP'17)",
  booktitle =	 "Proceedings of the Tenth Workshop on Answer Set Programming and Other Computing Paradigms (ASPOCP'17)",
  volume =	 1868,
  publisher =	 "{CEUR} Workshop Proceedings (CEUR-WS.org)",
  year =	 2017
}

@Proceedings{aspocp18,
  editor =	 "J. Fandinno and J. Fichte",
  title =	 "Proceedings of the Eleventh Workshop on Answer Set Programming and Other Computing Paradigms (ASPOCP'18)",
  booktitle =	 "Proceedings of the Eleventh Workshop on Answer Set Programming and Other Computing Paradigms (ASPOCP'18)",
  year =	 2018
}

@Proceedings{ausai07,
  editor =	 "M. Orgun and J. Thornton",
  title =	 "Proceedings of the Twentieth Australian Joint Conference on Artificial Intelligence (AI'07)",
  booktitle =	 "Proceedings of the Twentieth Australian Joint Conference on Artificial Intelligence (AI'07)",
  publisher =	 springer,
  series =	 lncs,
  volume =	 4830,
  year =	 2007
}

@Proceedings{ausai10,
  editor =	 "J. Li",
  title =	 "Proceedings of the Twenty-third Australasian Joint Conference on Artificial Intelligence",
  booktitle =	 "Proceedings of the Twenty-third Australasian Joint Conference on Artificial Intelligence",
  publisher =	 springer,
  series =	 lncs,
  volume =	 6464,
  year =	 2011
}

@Proceedings{cade09,
  editor =	 "R. Schmidt",
  title =	 "Proceedings of the Twenty-second International Conference on Automated Deduction (CADE'09)",
  booktitle =	 "Proceedings of the Twenty-second International Conference on Automated Deduction (CADE'09)",
  publisher =	 springer,
  series =	 lncs,
  volume =	 5663,
  year =	 2009
}

@Proceedings{cade90,
  editor =	 "M. Stickel",
  title =	 "Proceedings of the Tenth International Conference on Automated Deduction (CADE'90)",
  booktitle =	 "Proceedings of the Tenth International Conference on Automated Deduction (CADE'90)",
  publisher =	 springer,
  series =	 lncs,
  volume =	 449,
  year =	 1990
}

@Proceedings{cade96,
  editor =	 "M. McRobbie and J. Slaney",
  title =	 "Proceedings of the Thirteenth International Conference on Automated Deduction (CADE'96)",
  booktitle =	 "Proceedings of the Thirteenth International Conference on Automated Deduction (CADE'96)",
  publisher =	 springer,
  series =	 lncs,
  volume =	 1104,
  year =	 1996
}

@Proceedings{cade97,
  editor =	 "W. McCune",
  title =	 "Proceedings of the Fourteenth International Conference on Automated Deduction (CADE'97)",
  booktitle =	 "Proceedings of the Fourteenth International Conference on Automated Deduction (CADE'97)",
  publisher =	 springer,
  series =	 lncs,
  volume =	 1249,
  year =	 1997
}

@Proceedings{cav05,
  editor =	 "K. Etessami and S. Rajamani",
  title =	 "Proceedings of the Seventeenth International Conference on Computer Aided Verification (CAV'05)",
  booktitle =	 "Proceedings of the Seventeenth International Conference on Computer Aided Verification (CAV'05)",
  publisher =	 springer,
  series =	 lncs,
  volume =	 3576,
  year =	 2005
}

@Proceedings{cav06,
  editor =	 "T. Ball and R. Jones",
  title =	 "Proceedings of the Eighteenth International Conference on Computer Aided Verification (CAV'06)",
  booktitle =	 "Proceedings of the Eighteenth International Conference on Computer Aided Verification (CAV'06)",
  publisher =	 springer,
  series =	 lncs,
  volume =	 4144,
  year =	 2006
}

@Proceedings{cav07,
  editor =	 "W. Damm and H. Hermanns",
  title =	 "Proceedings of the Nineteenth International Conference on Computer Aided Verification (CAV'07)",
  booktitle =	 "Proceedings of the Nineteenth International Conference on Computer Aided Verification (CAV'07)",
  publisher =	 springer,
  series =	 lncs,
  volume =	 4590,
  year =	 2007
}

@Proceedings{cav10,
  editor =	 "T. Touili and B. Cook and P. Jackson",
  title =	 "Proceedings of the Twenty-second International Conference on Computer Aided Verification (CAV'10)",
  booktitle =	 "Proceedings of the Twenty-second International Conference on Computer Aided Verification (CAV'10)",
  publisher =	 springer,
  series =	 lncs,
  volume =	 6174,
  year =	 2010
}

@Proceedings{cav12,
  editor =	 "P. Madhusudan and S. A. Seshia",
  title =	 "Proceedings of the Twenty-fourth International Conference on Computer Aided Verification (CAV'12)",
  booktitle =	 "Proceedings of the Twenty-fourth International Conference on Computer Aided Verification (CAV'12)",
  publisher =	 springer,
  series =	 lncs,
  volume =	 7358,
  year =	 2012
}

@Proceedings{cav13,
  editor =	 "N. Sharygina and H. Veith",
  title =	 "Proceedings of the Twenty-fifth International Conference on Computer Aided Verification (CAV'13)",
  booktitle =	 "Proceedings of the Twenty-fifth International Conference on Computer Aided Verification (CAV'13)",
  publisher =	 springer,
  series =	 lncs,
  volume =	 8044,
  year =	 2013
}

@Proceedings{cent07,
  title =	 "Proceedings of the Workshop on Correspondence and Equivalence for Nonmonotonic Theories (CENT'07)",
  booktitle =	 "Proceedings of the Workshop on Correspondence and Equivalence for Nonmonotonic Theories (CENT'07)",
  editor =	 "D. Pearce and A. Polleres and A. Valverde and S. Woltran",
  year =	 2007
}

@Proceedings{cfv07,
  editor =	 "M. Velev",
  title =	 "Proceedings of the Fourth International Workshop on Constraints in Formal Verification (CFV'07)",
  booktitle =	 "Proceedings of the Fourth International Workshop on Constraints in Formal Verification (CFV'07)",
  year =	 2007
}

@Proceedings{charme05,
  editor =	 "D. Borrione and W. Paul",
  title =	 "Proceedings of the Thirteenth Conference on Correct Hardware Design and Verification Methods (CHARME'05)",
  booktitle =	 "Proceedings of the Thirteenth Conference on Correct Hardware Design and Verification Methods (CHARME'05)",
  publisher =	 springer,
  series =	 lncs,
  volume =	 3725,
  year =	 2005
}

@Book{ci04,
  editor =	 "J. Delgrande and J. Doyle and U. Junker and F. Rossi and T. Schaub",
  title =	 "Special Issue on Preferences in Artificial Intelligence",
  publisher =	 wiley,
  year =	 2004,
  volume =	 "20(2)",
  series =	 "Computational Intelligence"
}

@Proceedings{cikm06,
  editor =	 "P. Yu and V. Tsotras and E. Fox and B. Liu",
  title =	 "Proceedings of the Fifteenth International Conference on Information and Knowledge Management",
  booktitle =	 "Proceedings of the Fifteenth International Conference on Information and Knowledge Management",
  publisher =	 acm,
  year =	 2006
}

@Proceedings{cikm13,
  editor =	 "Q. He and A. Iyengar and W. Nejdl and J. Pei and R. Rastogi",
  title =	 "Proceedings of the Twenty-second International Conference on Information and Knowledge Management (CIKM'13)",
  booktitle =	 "Proceedings of the Twenty-second International Conference on Information and Knowledge Management (CIKM'13)",
  publisher =	 acm,
  year =	 2013
}

@Proceedings{cisis09,
  editor =	 "L. Barolli and F. Xhafa and H. Hsu",
  title =	 "Proceedings of the Third International Conference on Complex, Intelligent and Software Intensive Systems (CISIS'09)",
  booktitle =	 "Proceedings of the Third International Conference on Complex, Intelligent and Software Intensive Systems (CISIS'09)",
  publisher =	 ieee,
  year =	 2009
}

@Proceedings{cisis10,
  editor =	 "L. Barolli and F. Xhafa and S. Vitabile and H. Hsu",
  title =	 "Proceedings of the Fourth International Conference on Complex, Intelligent and Software Intensive Systems (CISIS'10)",
  booktitle =	 "Proceedings of the Fourth International Conference on Complex, Intelligent and Software Intensive Systems (CISIS'10)",
  publisher =	 ieee,
  year =	 2010
}

@Proceedings{cl00,
  editor =	 "J. Lloyd and V. Dahl and U. Furbach and M. Kerber and K. Lau and C. Palamidessi and L. Pereira and Y. Sagiv and P. Stuckey",
  title =	 "Proceedings of the First International Conference on Computational Logic (CL'00)",
  booktitle =	 "Proceedings of the First International Conference on Computational Logic (CL'00)",
  publisher =	 springer,
  series =	 lncs,
  volume =	 1861,
  year =	 2000
}
@Proceedings{cmsb12,
  editor =	 "D. Gilbert and M. Heiner",
  title =	 "Proceedings of the Tenth International Conference on Computational Methods in Systems Biology (CMSB'12)",
  booktitle =	 "Proceedings of the Tenth International Conference on Computational Methods in Systems Biology (CMSB'12)",
  publisher =	 springer,
  series =	 lncs,
  volume =	 7605,
  year =	 2012
}

@Proceedings{cmsb15,
  editor =	 "O. Roux and J. Bourdon",
  title =	 "Proceedings of the Thirteenth International Conference on Computational Methods in Systems Biology (CMSB'15)",
  booktitle =	 "Proceedings of the Thirteenth International Conference on Computational Methods in Systems Biology (CMSB'15)",
  publisher =	 springer,
  series =	 lnbi,
  volume =	 9308,
  year =	 2015
}

@Proceedings{cmsb18,
  editor =	 "M. Ceska and D. Safr{\'{a}}nek",
  booktitle =	 "Proceedings of the Sixteenth International Conference on Computational Methods in Systems Biology (CMSB'18)",
  title =	 "Proceedings of the Sixteenth International Conference on Computational Methods in Systems Biology (CMSB'18)",
  publisher =	 springer,
  series =	 lncs,
  volume =	 11095,
  year =	 2018
}

@Proceedings{cocomile12,
  editor =	 "R. Coletta and T. Guns and B. O'Sullivan and A. Passerini and G. Tack",
  title =	 "Proceedings of the First Workshop on Combining Constraint Solving with Mining and Learning (CoCoMile'12)",
  booktitle =	 "Proceedings of the First Workshop on Combining Constraint Solving with Mining and Learning (CoCoMile'12)",
  year =	 2012
}

@Proceedings{comma10,
  editor =	 "P. Baroni and F. Cerutti and M. Giacomin and G. Simari",
  title =	 "Proceedings of Computational Models of Argument (COMMA'10)",
  booktitle =	 "Proceedings of Computational Models of Argument (COMMA'10)",
  publisher =	 ios,
  series =	 "Frontiers in Artificial Intelligence and Applications",
  volume =	 216,
  year =	 2010
}

@Proceedings{cp00,
  editor =	 "R. Dechter",
  title =	 "Proceedings of the Sixth International Conference on Principles and Practice of Constraint Programming (CP'00)",
  booktitle =	 "Proceedings of the Sixth International Conference on Principles and Practice of Constraint Programming (CP'00)",
  publisher =	 springer,
  series =	 lncs,
  volume =	 1894,
  year =	 2000
}

@Proceedings{cp01,
  editor =	 "T. Walsh",
  title =	 "Proceedings of the Seventh International Conference on Principles and Practice of Constraint Programming (CP'01)",
  booktitle =	 "Proceedings of the Seventh International Conference on Principles and Practice of Constraint Programming (CP'01)",
  publisher =	 springer,
  series =	 lncs,
  volume =	 2239,
  year =	 2001
}

@Proceedings{cp02,
  editor =	 "P. Van Hentenryck",
  title =	 "Proceedings of the Eighth International Conference on Principles and Practice of Constraint Programming (CP'02)",
  booktitle =	 "Proceedings of the Eighth International Conference on Principles and Practice of Constraint Programming (CP'02)",
  publisher =	 springer,
  series =	 lncs,
  volume =	 2470,
  year =	 2002
}

@Proceedings{cp03,
  editor =	 "F. Rossi",
  title =	 "Proceedings of the Ninth International Conference on Principles and Practice of Constraint Programming (CP'03)",
  booktitle =	 "Proceedings of the Ninth International Conference on Principles and Practice of Constraint Programming (CP'03)",
  publisher =	 springer,
  series =	 lncs,
  volume =	 2833,
  year =	 2003
}

@Proceedings{cp04,
  editor =	 "M. Wallace",
  title =	 "Proceedings of the Tenth International Conference on Principles and Practice of Constraint Programming (CP'04)",
  booktitle =	 "Proceedings of the Tenth International Conference on Principles and Practice of Constraint Programming (CP'04)",
  publisher =	 springer,
  series =	 lncs,
  volume =	 3258,
  year =	 2004
}

@Proceedings{cp05,
  editor =	 "P. {van Beek}",
  title =	 "Proceedings of the Eleventh International Conference on Principles and Practice of Constraint Programming (CP'05)",
  booktitle =	 "Proceedings of the Eleventh International Conference on Principles and Practice of Constraint Programming (CP'05)",
  publisher =	 springer,
  series =	 lncs,
  volume =	 3709,
  year =	 2005
}

@Proceedings{cp06,
  editor =	 "F. Benhamou",
  title =	 "Proceedings of the Twelfth International Conference on Principles and Practice of Constraint Programming (CP'06)",
  booktitle =	 "Proceedings of the Twelfth International Conference on Principles and Practice of Constraint Programming (CP'06)",
  publisher =	 springer,
  series =	 lncs,
  volume =	 4204,
  year =	 2006
}

@Proceedings{cp07,
  title =	 "Proceedings of the Thirteenth International Conference on Principles and Practice of Constraint Programming (CP'07)",
  booktitle =	 "Proceedings of the Thirteenth International Conference on Principles and Practice of Constraint Programming (CP'07)",
  editor =	 "C. Bessiere",
  volume =	 4741,
  series =	 lncs,
  publisher =	 springer,
  year =	 2007
}

@Proceedings{cp08,
  editor =	 "P. Stuckey",
  title =	 "Proceedings of the Fourteenth International Conference on Principles and Practice of Constraint Programming (CP'08)",
  booktitle =	 "Proceedings of the Fourteenth International Conference on Principles and Practice of Constraint Programming (CP'08)",
  publisher =	 springer,
  series =	 lncs,
  volume =	 5202,
  year =	 2008
}

@Proceedings{cp09,
  editor =	 "I. Gent",
  title =	 "Proceedings of the Fifteenth International Conference on Principles and Practice of Constraint Programming (CP'09)",
  booktitle =	 "Proceedings of the Fifteenth International Conference on Principles and Practice of Constraint Programming (CP'09)",
  publisher =	 springer,
  series =	 lncs,
  volume =	 5732,
  year =	 2009
}

@Proceedings{cp10,
  editor =	 "D. Cohen",
  title =	 "Proceedings of the Sixteenth International Conference on Principles and Practice of Constraint Programming (CP'10)",
  booktitle =	 "Proceedings of the Sixteenth International Conference on Principles and Practice of Constraint Programming (CP'10)",
  publisher =	 springer,
  series =	 lncs,
  volume =	 6308,
  year =	 2010
}

@Proceedings{cp11,
  editor =	 "J. Lee",
  title =	 "Proceedings of the Seventeenth International Conference on Principles and Practice of Constraint Programming (CP'11)",
  booktitle =	 "Proceedings of the Seventeenth International Conference on Principles and Practice of Constraint Programming (CP'11)",
  publisher =	 springer,
  series =	 lncs,
  volume =	 6876,
  year =	 2011
}

@Proceedings{cp13,
  editor =	 "C. Schulte",
  title =	 "Proceedings of the Nineteenth International Conference on Principles and Practice of Constraint Programming (CP'13)",
  booktitle =	 "Proceedings of the Nineteenth International Conference on Principles and Practice of Constraint Programming (CP'13)",
  publisher =	 springer,
  series =	 lncs,
  volume =	 8124,
  year =	 2013
}

@Proceedings{cp15,
  editor =	 "G. Pesant",
  title =	 "Proceedings of the Twenty-first International Conference on Principles and Practice of Constraint Programming (CP'15)",
  booktitle =	 "Proceedings of the Twenty-first International Conference on Principles and Practice of Constraint Programming (CP'15)",
  publisher =	 springer,
  series =	 lncs,
  volume =	 9255,
  year =	 2015
}

@Proceedings{cpaior04,
  editor =	 "J. R{\'e}gin and M. Rueher",
  title =	 "Proceedings of the First Conference on Integration of AI and OR Techniques in Constraint Programming for Combinatorial Optimization
                  Problems (CPAIOR'04)",
  booktitle =	 "Proceedings of the First Conference on Integration of AI and OR Techniques in Constraint Programming for Combinatorial Optimization
                  Problems (CPAIOR'04)",
  publisher =	 springer,
  series =	 lncs,
  volume =	 3011,
  year =	 2004
}

@Proceedings{cpaior09,
  editor =	 "W. {van Hoeve} and J. Hooker",
  title =	 "Proceedings of the Sixth International Conference on Integration of AI and OR Techniques in Constraint Programming for Combinatorial
                  Optimization Problems (CPAIOR'09)",
  booktitle =	 "Proceedings of the Sixth International Conference on Integration of AI and OR Techniques in Constraint Programming for Combinatorial
                  Optimization Problems (CPAIOR'09)",
  publisher =	 springer,
  series =	 lncs,
  year =	 2009,
  volume =	 5547
}

@Proceedings{cpaior10,
  editor =	 "A. Lodi and M. Milano and P. Toth",
  title =	 "Proceedings of the Seventh International Conference on Integration of AI and OR Techniques in Constraint Programming for
                  Combinatorial Optimization Problems (CPAIOR'10)",
  booktitle =	 "Proceedings of the Seventh International Conference on Integration of AI and OR Techniques in Constraint Programming for
                  Combinatorial Optimization Problems (CPAIOR'10)",
  publisher =	 springer,
  series =	 lncs,
  year =	 2010,
  volume =	 6140
}

@Proceedings{cpaior11,
  editor =	 "T. Achterberg and C. Beck",
  title =	 "Proceedings of the Eighth International Conference on Integration of {AI} and {OR} Techniques in Constraint Programming for
                  Combinatorial Optimization Problems (CPAIOR'11)",
  booktitle =	 "Proceedings of the Eighth International Conference on Integration of {AI} and {OR} Techniques in Constraint Programming for
                  Combinatorial Optimization Problems (CPAIOR'11)",
  publisher =	 springer,
  series =	 lncs,
  year =	 2011,
  volume =	 6697
}

@Proceedings{cpaior15,
  editor =	 "L. Michel",
  title =	 "Proceedings of the Twelfth International Conference on Integration of {AI} and {OR} Techniques in Constraint Programming for
                  Combinatorial Optimization Problems (CPAIOR'15)",
  booktitle =	 "Proceedings of the Twelfth International Conference on Integration of {AI} and {OR} Techniques in Constraint Programming for
                  Combinatorial Optimization Problems (CPAIOR'15)",
  series =	 lncs,
  volume =	 9075,
  publisher =	 springer,
  year =	 2015
}

@Proceedings{cs05,
  title =	 "Proceedings of the Seventh International Symposium on Logical Formalizations of Commonsense Reasoning",
  booktitle =	 "Proceedings of the Seventh International Symposium on Logical Formalizations of Commonsense Reasoning",
  year =	 2005,
  editor =	 "S. McIlraith and P. Peppas and M. Thielscher",
  organization = "Fakult{\"a}t Informatik, TU Dresden"
}

@Proceedings{cs07,
  title =	 "Proceedings of the Eighth International Symposium on Logical Formalizations of Commonsense Reasoning",
  booktitle =	 "Proceedings of the Eighth International Symposium on Logical Formalizations of Commonsense Reasoning",
  year =	 2007,
  editor =	 "E. Amir and V. Lifschitz and R. Miller",
  publisher =	 aaai
}

@Proceedings{cspsat12,
  editor =	 "Y. Ben-Haim and Y. Naveh",
  title =	 "Proceedings of the Second International Workshop on the Cross-Fertilization Between {CSP} and {SAT} (CSPSAT'12)",
  booktitle =	 "Proceedings of the Second International Workshop on the Cross-Fertilization Between {CSP} and {SAT} (CSPSAT'12)",
  year =	 2012
}

@Proceedings{dac01,
  title =	 "Proceedings of the Thirty-eighth Conference on Design Automation (DAC'01)",
  booktitle =	 "Proceedings of the Thirty-eighth Conference on Design Automation (DAC'01)",
  publisher =	 "ACM Press",
  year =	 2001
}

@Proceedings{dac07,
  title =	 "Proceedings of the Forty-forth Conference on Design Automation (DAC'07)",
  booktitle =	 "Proceedings of the Forty-forth Conference on Design Automation (DAC'07)",
  publisher =	 "IEEE Press",
  year =	 2007
}

@Proceedings{dalt04,
  editor =	 "J. Leite and A. Omicini and P. Torroni and P. Yolum",
  title =	 "Proceedings of the Second International Workshop on Declarative Agent Languages and Technologies (DALT'04)",
  booktitle =	 "Proceedings of the Second International Workshop on Declarative Agent Languages and Technologies (DALT'04)",
  publisher =	 springer,
  series =	 lncs,
  volume =	 3476,
  year =	 2005
}

@Proceedings{damp10,
  editor =	 "L. Petersen and E. Pontelli",
  title =	 "Proceedings of the POPL 2010 Workshop on Declarative Aspects of Multicore Programming (DAMP'10)",
  booktitle =	 "Proceedings of the POPL 2010 Workshop on Declarative Aspects of Multicore Programming (DAMP'10)",
  publisher =	 "ACM Press",
  year =	 2010
}

@Proceedings{datalog10,
  editor =	 "O. {de Moor} and G. Gottlob and T. Furche and A, Sellers",
  title =	 "First International Workshop on Datalog",
  booktitle =	 "First International Workshop on Datalog",
  publisher =	 springer,
  series =	 lncs,
  volume =	 6702,
  year =	 2011
}

@Proceedings{datalog12,
  editor =	 "P. Barcel{\'o} and R. Pichler",
  title =	 "Proceedings on the Second International Workshop on Datalog",
  booktitle =	 "Proceedings on the Second International Workshop on Datalog",
  publisher =	 springer,
  series =	 lncs,
  volume =	 7494,
  year =	 2012
}

@Proceedings{date03,
  title =	 "Proceedings of the Sixth Conference on Design, Automation and Test in Europe (DATE'03)",
  booktitle =	 "Proceedings of the Sixth Conference on Design, Automation and Test in Europe (DATE'03)",
  publisher =	 ieee,
  year =	 2003
}

@Proceedings{date06,
  editor =	 "G. Gielen",
  title =	 "Proceedings of the Ninth Conference on Design, Automation and Test in Europe (DATE'06)",
  booktitle =	 "Proceedings of the Ninth Conference on Design, Automation and Test in Europe (DATE'06)",
  year =	 2006
}

@Proceedings{date08,
  title =	 "Proceedings of the Eleventh Conference on Design, Automation and Test in Europe (DATE'08)",
  booktitle =	 "Proceedings of the Eleventh Conference on Design, Automation and Test in Europe (DATE'08)",
  publisher =	 ieee,
  year =	 2008
}

@Proceedings{date15,
  editor =	 "W. Nebel and D. Atienza",
  title =	 "Proceedings of the Eighteenth Conference on Design, Automation and Test in Europe (DATE'15)",
  booktitle =	 "Proceedings of the Eighteenth Conference on Design, Automation and Test in Europe (DATE'15)",
  publisher =	 "ACM",
  year =	 2015
}

@Proceedings{date17,
  editor =	 "D. Atienza and G. {Di Natale}",
  title =	 "Proceedings of the Twentieth Conference on Design, Automation and Test in Europe (DATE'17)",
  booktitle =	 "Proceedings of the Twentieth Conference on Design, Automation and Test in Europe (DATE'17)",
  publisher =	 ieee,
  year =	 2017
}

@Proceedings{date18,
  editor =	 "J. Madsen and A. Coskun",
  title =	 "Proceedings of the Twenty-first Conference on Design, Automation and Test in Europe (DATE'18)",
  booktitle =	 "Proceedings of the Twenty-first Conference on Design, Automation and Test in Europe (DATE'18)",
  publisher =	 ieee,
  year =	 2018
}

@Proceedings{date99,
  title =	 "Proceedings of the Second Conference on Design, Automation and Test in Europe (DATE'99)",
  booktitle =	 "Proceedings of the Second Conference on Design, Automation and Test in Europe (DATE'99)",
  publisher =	 ieee,
  year =	 1999
}

@Proceedings{ddecs11,
  title =	 "Proceedings of the 14th International Symposium on the Design and Diagnostics of Electronic Circuits and Systems (DDECS'11)",
  booktitle =	 "Proceedings of the 14th International Symposium on the Design and Diagnostics of Electronic Circuits and Systems (DDECS'11)",
  publisher =	 ieee,
  year =	 2011
}

@Proceedings{ecai00,
  editor =	 "W. Horn",
  title =	 "Proceedings of the Fourteenth European Conference on Artificial Intelligence (ECAI'00)",
  booktitle =	 "Proceedings of the Fourteenth European Conference on Artificial Intelligence (ECAI'00)",
  publisher =	 "IOS Press",
  year =	 2000
}

@Proceedings{ecai02,
  editor =	 "F. {van Harmelen}",
  title =	 "Proceedings of the Fifteenth Eureopean Conference on Artificial Intelligence (ECAI'02)",
  booktitle =	 "Proceedings of the Fifteenth Eureopean Conference on Artificial Intelligence (ECAI'02)",
  publisher =	 "IOS Press",
  year =	 2002
}

@Proceedings{ecai04,
  editor =	 "R. {L{\'o}pez de M{\'a}ntaras} and L. Saitta",
  title =	 "Proceedings of the Sixteenth Eureopean Conference on Artificial Intelligence (ECAI'04)",
  booktitle =	 "Proceedings of the Sixteenth Eureopean Conference on Artificial Intelligence (ECAI'04)",
  publisher =	 "IOS Press",
  year =	 2004
}

@Proceedings{ecai06,
  title =	 "Proceedings of the Seventeenth European Conference on Artificial Intelligence (ECAI'06)",
  booktitle =	 "Proceedings of the Seventeenth European Conference on Artificial Intelligence (ECAI'06)",
  year =	 2006,
  editor =	 "G. Brewka and S. Coradeschi and A. Perini and P. Traverso",
  publisher =	 "IOS Press"
}

@Proceedings{ecai08,
  title =	 "Proceedings of the Eighteenth European Conference on Artificial Intelligence (ECAI'08)",
  booktitle =	 "Proceedings of the Eighteenth European Conference on Artificial Intelligence (ECAI'08)",
  editor =	 "M. Ghallab and C. Spyropoulos and N. Fakotakis and N. Avouris",
  publisher =	 "IOS Press",
  year =	 2008
}

@Proceedings{ecai10,
  title =	 "Proceedings of the Nineteenth European Conference on Artificial Intelligence (ECAI'10)",
  booktitle =	 "Proceedings of the Nineteenth European Conference on Artificial Intelligence (ECAI'10)",
  editor =	 "H. Coelho and R. Studer and M. Wooldridge",
  publisher =	 "IOS Press",
  year =	 2010
}

@Proceedings{ecai12,
  title =	 "Proceedings of the Twentieth European Conference on Artificial Intelligence (ECAI'12)",
  booktitle =	 "Proceedings of the Twentieth European Conference on Artificial Intelligence (ECAI'12)",
  editor =	 "L. {De Raedt} and C. Bessiere and D. Dubois and P. Doherty and P. Frasconi and F. Heintz and P. Lucas",
  publisher =	 "IOS Press",
  year =	 2012
}

@Proceedings{ecai14,
  title =	 "Proceedings of the Twenty-first European Conference on Artificial Intelligence (ECAI'14)",
  booktitle =	 "Proceedings of the Twenty-first European Conference on Artificial Intelligence (ECAI'14)",
  editor =	 "T. Schaub and G. Friedrich and B. {O'Sullivan}",
  publisher =	 "IOS Press",
  year =	 2014
}

@Proceedings{ecai16,
  editor =	 "G. Kaminka and M. Fox and P. Bouquet and E. H{\"{u}}llermeier and V. Dignum and F. Dignum and F. {van Harmelen}",
  title =	 "Proceedings of the Twenty-second European Conference on Artificial Intelligence (ECAI'16)",
  booktitle =	 "Proceedings of the Twenty-second European Conference on Artificial Intelligence (ECAI'16)",
  publisher =	 "IOS Press",
  year =	 2016
}

@Proceedings{ecai92,
  title =	 "Proceedings of the Tenth European Conference on Artificial Intelligence (ECAI'92)",
  booktitle =	 "Proceedings of the Tenth European Conference on Artificial Intelligence (ECAI'92)",
  editor =	 "B. Neumann",
  publisher =	 wiley,
  year =	 1992
}

@Proceedings{ecai96,
  title =	 "Proceedings of the Twelfth European Conference on Artificial Intelligence (ECAI'96)",
  booktitle =	 "Proceedings of the Twelfth European Conference on Artificial Intelligence (ECAI'96)",
  editor =	 "W. Wahlster",
  publisher =	 wiley,
  year =	 1996
}

@Proceedings{eccb-posters10,
  editor =	 "J. Vilo and Z. Yakhini",
  title =	 "Poster Proceedings of the Ninth European Conference on Computational Biology (ECCB'10)",
  booktitle =	 "Poster Proceedings of the Ninth European Conference on Computational Biology (ECCB'10)",
  year =	 2010
}

@Proceedings{ecsqaru07,
  title =	 "Proceedings of the Ninth European Conference on Symbolic and Quantitative Approaches to Reasoning with Uncertainty (ECSQARU'07)",
  booktitle =	 "Proceedings of the Ninth European Conference on Symbolic and Quantitative Approaches to Reasoning with Uncertainty (ECSQARU'07)",
  editor =	 "K. Mellouli",
  volume =	 4724,
  series =	 lnai,
  year =	 2007,
  publisher =	 springer
}

@Proceedings{ecsqaru95,
  title =	 "Proceedings of the Third European Conference on Symbolic and Quantitative Approaches to Reasoning and Uncertainty (ECSQARU'95)",
  booktitle =	 "Proceedings of the Third European Conference on Symbolic and Quantitative Approaches to Reasoning and Uncertainty (ECSQARU'95)",
  editor =	 "C. Froidevaux and J. Kohlas",
  volume =	 946,
  series =	 lnai,
  year =	 1995,
  publisher =	 springer
}

@Proceedings{epia01,
  editor =	 "P. Brazdil and A. Jorge",
  title =	 "Proceedings of the Tenth Portuguese Conference on Artificial Intelligence (EPIA'01)",
  booktitle =	 "Proceedings of the Tenth Portuguese Conference on Artificial Intelligence (EPIA'01)",
  publisher =	 springer,
  series =	 lncs,
  volume =	 2258,
  year =	 2001
}

@Proceedings{epia1999,
  editor =	 "P. Barahona and J. Alferes",
  title =	 "Proceedings of the Ninth Portuguese Conference on Artificial Intelligence (EPIA'99)",
  booktitle =	 "Proceedings of the Ninth Portuguese Conference on Artificial Intelligence (EPIA'99)",
  publisher =	 springer,
  series =	 lncs,
  volume =	 1695,
  year =	 1999
}

@Proceedings{eswc10,
  editor =	 "L. Aroyo and G. Antoniou and E. Hyv{\"o}nen and A. Teije and H. Stuckenschmidt and L. Cabral and T. Tudorache",
  title =	 "Proceedings of the Seventh Extended Semantic Web Conference (ESWC'10)",
  booktitle =	 "Proceedings of the Seventh Extended Semantic Web Conference (ESWC'10)",
  publisher =	 springer,
  series =	 lncs,
  volume =	 6088,
  year =	 2010,
}

@Proceedings{ewcg06,
  title =	 "Proceedings of the Twenty-second European Workshop on Computational Geometry (EWCG'06)",
  booktitle =	 "Proceedings of the Twenty-second European Workshop on Computational Geometry (EWCG'06)",
  year =	 2006
}

@Proceedings{flops08,
  editor =	 "J. Garrigue and M. Hermenegildo",
  title =	 "Proceedings of the Ninth International Symposium on Functional and Logic Programming (FLOPS'08)",
  booktitle =	 "Proceedings of the Ninth International Symposium on Functional and Logic Programming (FLOPS'08)",
  publisher =	 springer,
  series =	 lncs,
  volume =	 4989,
  year =	 2008
}

@Proceedings{fmcad04,
  title =	 "Proceedings of the Fifth International Conference on Formal Methods in Computer-Aided Design (FMCAD'04)",
  booktitle =	 "Proceedings of the Fifth International Conference on Formal Methods in Computer-Aided Design (FMCAD'04)",
  year =	 2004,
  editor =	 "A. Hu and A. Martin",
  volume =	 3312,
  series =	 lncs,
  publisher =	 springer
}

@Proceedings{focs77,
  title =	 "Proceedings of the Eight-teenth Symposium on Foundations of Computer Science (FOCS'77)",
  booktitle =	 "Proceedings of the Eight-teenth Symposium on Foundations of Computer Science (FOCS'77)",
  publisher =	 ieee,
  year =	 1977
}

@Proceedings{focs03,
  title =	 "Proceedings of the Forty-fourth Symposium on Foundations of Computer Science (FOCS'03)",
  booktitle =	 "Proceedings of the Forty-fourth Symposium on Foundations of Computer Science (FOCS'03)",
  publisher =	 ieee,
  year =	 2003
}

@Proceedings{foiks08,
  title =	 "Proceedings of the Fifth International Symposium on Foundations of Information and Knowledge Systems (FoIKS'08)",
  booktitle =	 "Proceedings of the Fifth International Symposium on Foundations of Information and Knowledge Systems (FoIKS'08)",
  editor =	 "S. Hartmann and G. Kern-Isberner",
  volume =	 4932,
  series =	 lncs,
  publisher =	 springer,
  year =	 2008
}

@Book{fpm14,
  editor =	 "C. Aggarwal and J. Han",
  title =	 "Frequent Pattern Mining",
  booktitle =	 "Frequent Pattern Mining",
  publisher =	 springer,
  year =	 2014
}

@Proceedings{fqas09,
  editor =	 "T. Andreasen and R. Yager and H. Bulskov and H. Christiansen and H. Larsen",
  title =	 "Proceedings of the Eighth International Conference on Flexible Query Answering Systems (FQAS'09)",
  booktitle =	 "Proceedings of the Eighth International Conference on Flexible Query Answering Systems (FQAS'09)",
  publisher =	 springer,
  series =	 lncs,
  volume =	 5822,
  year =	 2009
}

@Proceedings{fsttcs08,
  editor =	 "R. Hariharan and M. Mukund and V. Vinay",
  title =	 "IARCS Annual Conference on Foundations of Software Technology and Theoretical Computer Science (FSTTCS'08)",
  booktitle =	 "IARCS Annual Conference on Foundations of Software Technology and Theoretical Computer Science (FSTTCS'08)",
  publisher =	 "Schloss Dagstuhl--Leibniz-Zentrum fuer Informatik",
  series =	 "Leibniz International Proceedings in Informatics (LIPIcs)",
  volume =	 2,
  year =	 2008
}

@Proceedings{gb60,
  title =	 "Advances in Knowledge Representation, Logic Programming, and Abstract Argumentation: Essays Dedicated to {G}erhard {B}rewka on the
                  Occasion of His 60th Birthday",
  booktitle =	 "Advances in Knowledge Representation, Logic Programming, and Abstract Argumentation: Essays Dedicated to {G}erhard {B}rewka on the
                  Occasion of His 60th Birthday",
  year =	 2015,
  editor =	 "T. Eiter and H. Strass and M. Truszczy{\'n}ski and S. Woltran",
  volume =	 9060,
  series =	 lnai,
  publisher =	 springer
}

@Proceedings{gd04,
  editor =	 "J. Pach",
  title =	 "Proceedings of the Twelfth International Symposium on Graph Drawing (GD'04)",
  booktitle =	 "Proceedings of the Twelfth International Symposium on Graph Drawing (GD'04)",
  publisher =	 springer,
  series =	 lncs,
  volume =	 3383,
  year =	 2004
}

@Proceedings{gecco02,
  editor =	 "M. Kaufmann",
  title =	 "Proceedings of the Fourth Annual Conference on Genetic and Evolutionary Computation (GECCO'02)",
  booktitle =	 "Proceedings of the Fourth Annual Conference on Genetic and Evolutionary Computation (GECCO'02)",
  publisher =	 acm,
  year =	 2002
}

@Proceedings{gecco09,
  editor =	 "F. Rothlauf",
  title =	 "Proceedings of the Eleventh Annual Conference on Genetic and Evolutionary Computation (GECCO'09)",
  booktitle =	 "Proceedings of the Eleventh Annual Conference on Genetic and Evolutionary Computation (GECCO'09)",
  publisher =	 "ACM Press",
  year =	 2009
}

@Proceedings{gttv11,
  title =	 "Proceedings of the First Workshop on Grounding and Transformation for Theories with Variables (GTTV'11)",
  booktitle =	 "Proceedings of the First Workshop on Grounding and Transformation for Theories with Variables (GTTV'11)",
  year =	 2011,
  editor =	 "P. Cabalar and D. Mitchell and D. Pearce and E. Ternovska"
}

@Proceedings{gttv13,
  title =	 "Proceedings of the Second Workshop on Grounding and Transformation for Theories with Variables (GTTV'13)",
  booktitle =	 "Proceedings of the Second Workshop on Grounding and Transformation for Theories with Variables (GTTV'13)",
  year =	 2013,
  editor =	 "D. Pearce and S. Tasharrofi and E. Ternovska and C. Vidal"
}

@Proceedings{gttv15,
  title =	 "Proceedings of the Third Workshop on Grounding, Transforming, and Modularizing Theories with Variables (GTTV'15)",
  booktitle =	 "Proceedings of the Third Workshop on Grounding, Transforming, and Modularizing Theories with Variables (GTTV'15)",
  year =	 2015,
  editor =	 "M. Denecker and T. Janhunen"
}

@Proceedings{hvc05,
  editor =	 "S. Ur and E. Bin and Y. Wolfsthal",
  title =	 "Proceedings of the First Haifa Verification Conference (HVC'05)",
  booktitle =	 "Proceedings of the First Haifa Verification Conference (HVC'05)",
  publisher =	 springer,
  series =	 lncs,
  volume =	 3875,
  year =	 2006
}

@Proceedings{iat09,
  title =	 "Proceedings of the IEEE/WIC/ACM International Conference on Intelligent Agent Technology (IAT'09)",
  booktitle =	 "Proceedings of the IEEE/WIC/ACM International Conference on Intelligent Agent Technology (IAT'09)",
  publisher =	 "IEEE",
  year =	 2009
}

@Proceedings{icaps09,
  editor =	 "A. Gerevini and A. Howe and A. Cesta and I. Refanidis",
  title =	 "Proceedings of the Nineteenth International Conference on Automated Planning and Scheduling (ICAPS'09)",
  booktitle =	 "Proceedings of the Nineteenth International Conference on Automated Planning and Scheduling (ICAPS'09)",
  publisher =	 "AAAI Press",
  year =	 2009
}

@Proceedings{icaps10,
  editor =	 "R. Brafman and H. Geffner and J. Hoffmann and H. Kautz",
  title =	 "Proceedings of the Twentieth International Conference on Automated Planning and Scheduling (ICAPS'10)",
  booktitle =	 "Proceedings of the Twentieth International Conference on Automated Planning and Scheduling (ICAPS'10)",
  publisher =	 "AAAI Press",
  year =	 2010
}

@Proceedings{iccad02,
  editor =	 "L. Pileggi and A. Kuehlmann",
  title =	 "Proceedings of the International Conference on Computer-Aided Design (ICCAD'02)",
  booktitle =	 "Proceedings of the International Conference on Computer-Aided Design (ICCAD'02)",
  publisher =	 "ACM Press",
  year =	 2002
}

@Proceedings{icdcs06,
  title =	 "Proceedings of the Twenty-sixth IEEE International Conference on Distributed Computing Systems (ICDCS'06)",
  booktitle =	 "Proceedings of the Twenty-sixth IEEE International Conference on Distributed Computing Systems (ICDCS'06)",
  publisher =	 ieee,
  year =	 2006
}

@Proceedings{iclp-lipics10,
  editor =	 "M. Hermenegildo and T. Schaub",
  title =	 "Technical Communications of the Twenty-sixth International Conference on Logic Programming (ICLP'10)",
  booktitle =	 "Technical Communications of the Twenty-sixth International Conference on Logic Programming (ICLP'10)",
  volume =	 7,
  year =	 2010,
  publisher =	 "Leibniz International Proceedings in Informatics (LIPIcs)"
}

@Proceedings{iclp-lipics11,
  editor =	 "J. Gallagher and M. Gelfond",
  title =	 "Technical Communications of the Twenty-seventh International Conference on Logic Programming (ICLP'11)",
  booktitle =	 "Technical Communications of the Twenty-seventh International Conference on Logic Programming (ICLP'11)",
  volume =	 11,
  year =	 2011,
  publisher =	 "Leibniz International Proceedings in Informatics (LIPIcs)"
}

@Proceedings{iclp-lipics12,
  editor =	 "A. Dovier and V. {Santos Costa}",
  title =	 "Technical Communications of the Twenty-eighth International Conference on Logic Programming (ICLP'12)",
  booktitle =	 "Technical Communications of the Twenty-eighth International Conference on Logic Programming (ICLP'12)",
  volume =	 17,
  year =	 2012,
  publisher =	 "Leibniz International Proceedings in Informatics (LIPIcs)"
}

@Proceedings{iclp-tc13,
  editor =	 "E. Lamma and T. Swift",
  title =	 "Technical Communications of the Twenty-ninth International Conference on Logic Programming (ICLP'13)",
  booktitle =	 "Technical Communications of the Twenty-ninth International Conference on Logic Programming (ICLP'13)",
  volume =	 "13(4-5)",
  year =	 2013,
  series =	 "Theory and Practice of Logic Programming, Online Supplement"
}

@Proceedings{iclp-tc14,
  editor =	 "M. Leuschel and T. Schrijvers",
  title =	 "Technical Communications of the Thirtieth International Conference on Logic Programming (ICLP'14)",
  booktitle =	 "Technical Communications of the Thirtieth International Conference on Logic Programming (ICLP'14)",
  volume =	 "14(4-5)",
  year =	 2014,
  series =	 "Theory and Practice of Logic Programming, Online Supplement"
}

@Proceedings{iclp02,
  title =	 "Proceedings of the Eighteenth International Conference on Logic Programming (ICLP'02)",
  booktitle =	 "Proceedings of the Eighteenth International Conference on Logic Programming (ICLP'02)",
  editor =	 "P. Stuckey",
  year =	 2002,
  volume =	 2401,
  series =	 lncs,
  publisher =	 springer
}

@Proceedings{iclp03,
  editor =	 "C. Palamidessi",
  title =	 "Proceedings of the Nineteenth International Conference on Logic Programming (ICLP'03)",
  booktitle =	 "Proceedings of the Nineteenth International Conference on Logic Programming (ICLP'03)",
  publisher =	 springer,
  series =	 lncs,
  volume =	 2916,
  year =	 2003
}

@Proceedings{iclp04,
  editor =	 "B. Demoen and V. Lifschitz",
  title =	 "Proceedings of the Twentieth International Conference on Logic Programming (ICLP'04)",
  booktitle =	 "Proceedings of the Twentieth International Conference on Logic Programming (ICLP'04)",
  publisher =	 springer,
  series =	 lncs,
  volume =	 3132,
  year =	 2004
}

@Proceedings{iclp05,
  editor =	 "M. Gabbrielli and G. Gupta",
  title =	 "Proceedings of the Twenty-first International Conference on Logic Programming (ICLP'05)",
  booktitle =	 "Proceedings of the Twenty-first International Conference on Logic Programming (ICLP'05)",
  publisher =	 springer,
  series =	 lncs,
  volume =	 3668,
  year =	 2005
}

@Proceedings{iclp06,
  title =	 "Proceedings of the Twenty-second International Conference on Logic Programming (ICLP'06)",
  year =	 2006,
  booktitle =	 "Proceedings of the Twenty-second International Conference on Logic Programming (ICLP'06)",
  editor =	 "S. Etalle and M. Truszczy\'nski",
  volume =	 4079,
  series =	 lncs,
  publisher =	 springer
}

@Proceedings{iclp07,
  title =	 "Proceedings of the Twenty-third International Conference on Logic Programming (ICLP'07)",
  year =	 2007,
  booktitle =	 "Proceedings of the Twenty-third International Conference on Logic Programming (ICLP'07)",
  editor =	 "V. Dahl and I. Niemel{\"a}",
  volume =	 4670,
  series =	 lncs,
  publisher =	 springer
}

@Proceedings{iclp08,
  title =	 "Proceedings of the Twenty-fourth International Conference on Logic Programming (ICLP'08)",
  year =	 2008,
  booktitle =	 "Proceedings of the Twenty-fourth International Conference on Logic Programming (ICLP'08)",
  editor =	 "M. {Garcia de la Banda} and E. Pontelli",
  volume =	 5366,
  series =	 lncs,
  publisher =	 springer
}

@Proceedings{iclp09,
  title =	 "Proceedings of the Twenty-fifth International Conference on Logic Programming (ICLP'09)",
  year =	 2009,
  booktitle =	 "Proceedings of the Twenty-fifth International Conference on Logic Programming (ICLP'09)",
  editor =	 "P. Hill and D. Warren",
  volume =	 5649,
  series =	 lncs,
  publisher =	 springer
}

@Proceedings{iclp90,
  editor =	 "D. Warren and P. Szeredi",
  title =	 "Proceedings of the Seventh International Conference on Logic Programming (ICLP'90)",
  booktitle =	 "Proceedings of the Seventh International Conference on Logic Programming (ICLP'90)",
  publisher =	 "MIT Press",
  year =	 1990
}

@Proceedings{icra11,
  title =	 "Proceedings of the IEEE International Conference on Robotics and Automation (ICRA'11)",
  booktitle =	 "Proceedings of the IEEE International Conference on Robotics and Automation (ICRA'11)",
  publisher =	 "IEEE",
  year =	 2011
}

@Proceedings{ictai05,
  title =	 "Proceedings of the Seventeenth IEEE International Conference on Tools with Artificial Intelligence (ICTAI'05)",
  booktitle =	 "Proceedings of the Seventeenth IEEE International Conference on Tools with Artificial Intelligence (ICTAI'05)",
  publisher =	 ieee,
  year =	 2005
}

@Proceedings{ictai08,
  title =	 "Proceedings of the Twentieth IEEE International Conference on Tools with Artificial Intelligence (ICTAI'08)",
  booktitle =	 "Proceedings of the Twentieth IEEE International Conference on Tools with Artificial Intelligence (ICTAI'08)",
  publisher =	 ieee,
  year =	 2008
}

@Proceedings{ictai09,
  title =	 "Proceedings of the Twenty-first IEEE International Conference on Tools with Artificial Intelligence (ICTAI'09)",
  booktitle =	 "Proceedings of the Twenty-first IEEE International Conference on Tools with Artificial Intelligence (ICTAI'09)",
  publisher =	 ieee,
  year =	 2009
}

@Proceedings{ictai10,
  title =	 "Proceedings of the Twenty-second IEEE International Conference on Tools with Artificial Intelligence (ICTAI'10)",
  booktitle =	 "Proceedings of the Twenty-second IEEE International Conference on Tools with Artificial Intelligence (ICTAI'10)",
  editor =	 "E. Gr{\'e}goire",
  publisher =	 ieee,
  year =	 2010
}

@Proceedings{ictai12,
  title =	 "Proceedings of the Twenty-fourth IEEE International Conference on Tools with Artificial Intelligence (ICTAI'12)",
  booktitle =	 "Proceedings of the Twenty-fourth IEEE International Conference on Tools with Artificial Intelligence (ICTAI'12)",
  publisher =	 ieee,
  year =	 2012
}

@Proceedings{ictai13,
  title =	 "Proceedings of the Twenty-fifth IEEE International Conference on Tools with Artificial Intelligence (ICTAI'13)",
  booktitle =	 "Proceedings of the Twenty-fifth IEEE International Conference on Tools with Artificial Intelligence (ICTAI'13)",
  editor =	 "A. Brodsky",
  publisher =	 ieee,
  year =	 2013
}

@Proceedings{ieaaie13,
  editor =	 "M. Ali and T. Bosse and K. Hindriks and M. Hoogendoorn and C. Jonker and J. Treur",
  title =	 "Proceedings of the 26th International Conference on Industrial, Engineering and Other Applications of Applied Intelligent Systems
                  (IEA/AIE'13)",
  booktitle =	 "Proceedings of the 26th International Conference on Industrial, Engineering and Other Applications of Applied Intelligent Systems
                  (IEA/AIE'13)",
  publisher =	 springer,
  series =	 lncs,
  volume =	 7906,
  year =	 2013
}

@Proceedings{ijcai01,
  title =	 "Proceedings of the Seventeenth International Joint Conference on Artificial Intelligence (IJCAI'01)",
  booktitle =	 "Proceedings of the Seventeenth International Joint Conference on Artificial Intelligence (IJCAI'01)",
  editor =	 "B. Nebel",
  year =	 2001,
  publisher =	 m-k
}

@Proceedings{ijcai03,
  editor =	 "G. Gottlob and T. Walsh",
  title =	 "Proceedings of the Eighteenth International Joint Conference on Artificial Intelligence (IJCAI'03)",
  booktitle =	 "Proceedings of the Eighteenth International Joint Conference on Artificial Intelligence (IJCAI'03)",
  year =	 2003,
  publisher =	 m-k
}

@Proceedings{ijcai05,
  editor =	 "L. Kaelbling and A. Saffiotti",
  title =	 "Proceedings of the Nineteenth International Joint Conference on Artificial Intelligence (IJCAI'05)",
  booktitle =	 "Proceedings of the Nineteenth International Joint Conference on Artificial Intelligence (IJCAI'05)",
  year =	 2005,
  publisher =	 "Professional Book Center"
}

@Proceedings{ijcai07,
  title =	 "Proceedings of the Twentieth International Joint Conference on Artificial Intelligence (IJCAI'07)",
  year =	 2007,
  booktitle =	 "Proceedings of the Twentieth International Joint Conference on Artificial Intelligence (IJCAI'07)",
  editor =	 "M. Veloso",
  publisher =	 aaaimit
}

@Proceedings{ijcai09,
  title =	 "Proceedings of the Twenty-first International Joint Conference on Artificial Intelligence (IJCAI'09)",
  year =	 2009,
  booktitle =	 "Proceedings of the Twenty-first International Joint Conference on Artificial Intelligence (IJCAI'09)",
  editor =	 "C. Boutilier",
  publisher =	 aaaimit
}

@Proceedings{ijcai11,
  editor =	 "T. Walsh",
  title =	 "Proceedings of the Twenty-second International Joint Conference on Artificial Intelligence (IJCAI'11)",
  booktitle =	 "Proceedings of the Twenty-second International Joint Conference on Artificial Intelligence (IJCAI'11)",
  publisher =	 "IJCAI/AAAI Press",
  year =	 2011
}

@Proceedings{ijcai13,
  editor =	 "F. Rossi",
  title =	 "Proceedings of the Twenty-third International Joint Conference on Artificial Intelligence (IJCAI'13)",
  booktitle =	 "Proceedings of the Twenty-third International Joint Conference on Artificial Intelligence (IJCAI'13)",
  publisher =	 "IJCAI/AAAI Press",
  year =	 2013
}

@Proceedings{ijcai15,
  editor =	 "Q. Yang and M. Wooldridge",
  title =	 "Proceedings of the Twenty-fourth International Joint Conference on Artificial Intelligence (IJCAI'15)",
  booktitle =	 "Proceedings of the Twenty-fourth International Joint Conference on Artificial Intelligence (IJCAI'15)",
  publisher =	 "{AAAI} Press",
  year =	 2015,
  url =		 "http://ijcai.org/proceedings/2015"
}

@Proceedings{ijcai16,
  editor =	 "R. Kambhampati",
  title =	 "Proceedings of the Twenty-fifth International Joint Conference on Artificial Intelligence (IJCAI'16)",
  booktitle =	 "Proceedings of the Twenty-fifth International Joint Conference on Artificial Intelligence (IJCAI'16)",
  publisher =	 "IJCAI/AAAI Press",
  year =	 2016
}

@Proceedings{ijcai97,
  title =	 "Proceedings of the Fifteenth International Joint Conference on Artificial Intelligence (IJCAI'97)",
  booktitle =	 "Proceedings of the Fifteenth International Joint Conference on Artificial Intelligence (IJCAI'97)",
  publisher =	 m-k,
  year =	 1997
}

@Proceedings{ijcai99,
  editor =	 "T. Dean",
  title =	 "Proceedings of the Sixteenth International Joint Conference on Artificial Intelligence (IJCAI'99)",
  booktitle =	 "Proceedings of the Sixteenth International Joint Conference on Artificial Intelligence (IJCAI'99)",
  publisher =	 m-k,
  year =	 1999
}

@Proceedings{ijcar10,
  editor =	 "J. Giesl and R. H{\"a}hnle",
  title =	 "Proceedings of the Fifth International Joint Conference on Automated Reasoning (IJCAR'10)",
  booktitle =	 "Proceedings of the Fifth International Joint Conference on Automated Reasoning (IJCAR'10)",
  publisher =	 springer,
  series =	 lncs,
  volume =	 6173,
  year =	 2010
}

@Proceedings{inap11,
  editor =	 "S. Abreu and J. Oetsch and J. P{\"u}hrer and D. Seipel and H. Tompits and M. Umeda and A. Wolf",
  title =	 "Proceedings of the Nineteenth International Conference on Applications of Declarative Programming and Knowledge Management
                  (INAP'11)",
  booktitle =	 "Proceedings of the Nineteenth International Conference on Applications of Declarative Programming and Knowledge Management
                  (INAP'11)",
  number =	 "INFSYS RR-1843-11-06",
  series =	 "Institute for Information Systems, Technische Universit{\"a}t Wien, Technical Report Series",
  year =	 2011
}

@Proceedings{inapwlp11,
  editor =	 "H. Tompits and S. Abreu and J. Oetsch and J. P{\"u}hrer and D. Seipel and M. Umeda and A. Wolf",
  title =	 "Proceedings of the Nineteenth International Conference on Applications of Declarative Programming and Knowledge Management (INAP'11)
                  and the Twenty-fifth Workshop on Logic Programming (WLP'11)",
  booktitle =	 "Proceedings of the Nineteenth International Conference on Applications of Declarative Programming and Knowledge Management (INAP'11)
                  and the Twenty-fifth Workshop on Logic Programming (WLP'11)",
  publisher =	 springer,
  series =	 lncs,
  volume =	 7773,
  year =	 2013
}

@Proceedings{incotol05,
  editor =	 "L. Bertossi and A. Hunter and T. Schaub",
  title =	 "Inconsistency Tolerance",
  booktitle =	 "Inconsistency Tolerance",
  publisher =	 springer,
  series =	 lncs,
  volume =	 3300,
  year =	 2005
}

@Proceedings{iski94,
  title =	 "Proceedings of the Third Workshop on Information Systems and Artificial Intelligence (IS/KI'94)",
  booktitle =	 "Proceedings of the Third Workshop on Information Systems and Artificial Intelligence (IS/KI'94)",
  editor =	 "K. von Luck and H. Marburger",
  publisher =	 springer,
  series =	 lncs,
  volume =	 777,
  year =	 1994
}

@Proceedings{ismb04,
  title =	 "Proceedings of the Twelfth International Conference on Intelligent Systems for Molecular Biology/Third European Conference on
                  Computational Biology (ISMB'04/ECCB'04)",
  booktitle =	 "Proceedings of the Twelfth International Conference on Intelligent Systems for Molecular Biology/Third European Conference on
                  Computational Biology (ISMB'04/ECCB'04)",
  publisher =	 "Oxford University Press",
  year =	 2004
}

@Proceedings{isvlsi05,
  title =	 "Proceedings of the IEEE Computer Society Annual Symposium on VLSI (ISVLSI'05)",
  booktitle =	 "Proceedings of the IEEE Computer Society Annual Symposium on VLSI (ISVLSI'05)",
  publisher =	 ieee,
  year =	 2005
}

@Proceedings{iswc11,
  editor =	 "L. Aroyo and C. Welty and H. Alani and J. Taylor and A. Bernstein and L. Kagal and N. Noy and E. Blomqvist",
  title =	 "Proceedings of the Tenth International Semantic Web Conference (ISWC'11)",
  booktitle =	 "Proceedings of the Tenth International Semantic Web Conference (ISWC'11)",
  publisher =	 springer,
  series =	 lncs,
  volume =	 7031,
  year =	 2011
}

@Proceedings{iulp15,
  editor =	 "S. Ellmauthaler and C. Schulz",
  title =	 "Proceedings of the International Workshop on User-Oriented Logic Programming (IULP'15)",
  booktitle =	 "Proceedings of the International Workshop on User-Oriented Logic Programming (IULP'15)",
  year =	 2015,
  url =		 "http://iulp2015.uni-leipzig.de/"
}

@Proceedings{iwil08,
  title =	 "Proceedings of the Seventh International Workshop on the Implementation of Logics (IWIL'08)",
  booktitle =	 "Proceedings of the Seventh International Workshop on the Implementation of Logics (IWIL'08)",
  year =	 2008,
  editor =	 "P. Rudnicki and G. Sutcliffe and B. Konev and R. Schmidt and S. Schulz",
  volume =	 418,
  publisher =	 "CEUR Workshop Proceedings (CEUR-WS.org)",
  url =		 "http://ceur-ws.org/Vol-418"
}

@Proceedings{jds2,
  editor =	 "S. Spaccapietra and E. Bertino and S. Jajodia and R. King and D. McLeod and M. Orlowska and L. Strous",
  title =	 "Journal on Data Semantics {II}",
  booktitle =	 "Journal of Data Semantics {II}",
  publisher =	 springer,
  series =	 lncs,
  volume =	 3360,
  year =	 2005
}

@Proceedings{jelia02,
  editor =	 "S. Flesca and S. Greco and N. Leone and G. Ianni",
  title =	 "Proceedings of the Eighth European Conference on Logics in Artificial Intelligence (JELIA'02)",
  booktitle =	 "Proceedings of the Eighth European Conference on Logics in Artificial Intelligence (JELIA'02)",
  year =	 2002,
  volume =	 2424,
  series =	 lncs,
  publisher =	 springer
}

@Proceedings{jelia04,
  editor =	 "J. Alferes and J. Leite",
  title =	 "Proceedings of the Ninth European Conference on Logics in Artificial Intelligence (JELIA'04)",
  booktitle =	 "Proceedings of the Ninth European Conference on Logics in Artificial Intelligence (JELIA'04)",
  series =	 lncs,
  volume =	 3229,
  publisher =	 springer,
  year =	 2004
}

@Proceedings{jelia08,
  editor =	 "S. H{\"{o}}lldobler and C. Lutz and H. Wansing",
  title =	 "Proceedings of the Eleventh European Conference on Logics in Artificial Intelligence (JELIA'08)",
  booktitle =	 "Proceedings of the Eleventh European Conference on Logics in Artificial Intelligence (JELIA'08)",
  series =	 lncs,
  volume =	 5293,
  publisher =	 springer,
  year =	 2008
}

@Proceedings{jelia10,
  title =	 "Proceedings of the Twelfth European Conference on Logics in Artificial Intelligence (JELIA'10)",
  booktitle =	 "Proceedings of the Twelfth European Conference on Logics in Artificial Intelligence (JELIA'10)",
  editor =	 "T. Janhunen and I. Niemel{\"a}",
  series =	 lnai,
  volume =	 6341,
  publisher =	 springer,
  year =	 2010
}

@Proceedings{jelia12,
  title =	 "Proceedings of the Thirteenth European Conference on Logics in Artificial Intelligence (JELIA'12)",
  booktitle =	 "Proceedings of the Thirteenth European Conference on Logics in Artificial Intelligence (JELIA'12)",
  editor =	 "L. Fari\~nas del Cerro and A. Herzig and J. Mengin",
  publisher =	 springer,
  series =	 lncs,
  volume =	 7519,
  year =	 2012
}

@Proceedings{jelia14,
  title =	 "Proceedings of the Fourteenth European Conference on Logics in Artificial Intelligence (JELIA'14)",
  booktitle =	 "Proceedings of the Fourteenth European Conference on Logics in Artificial Intelligence (JELIA'14)",
  editor =	 "E. Ferm\'{e} and J. Leite",
  publisher =	 springer,
  series =	 lnai,
  volume =	 8761,
  year =	 2014
}

@Proceedings{jelia16,
  title =	 "Proceedings of the Fifteenth European Conference on Logics in Artificial Intelligence (JELIA'16)",
  booktitle =	 "Proceedings of the Fifteenth European Conference on Logics in Artificial Intelligence (JELIA'16)",
  editor =	 "L. Michael and A. Kakas",
  publisher =	 springer,
  series =	 lnai,
  volume =	 10021,
  year =	 2016
}

@Book{jm64,
  editor =	 "V. Lifschitz",
  title =	 "Artificial Intelligence and Mathematical Theory of Computation: Papers in Honor of {J}ohn {M}c{C}arthy",
  booktitle =	 "Artificial Intelligence and Mathematical Theory of Computation: Papers in Honor of {J}ohn {M}c{C}arthy",
  publisher =	 "Academic Press",
  year =	 1991
}

@Proceedings{ki98,
  editor =	 "O. Herzog and A. Günter",
  title =	 "Proceedings of the Twenty-second Annual German Conference on Artificial Intelligence (KI'98)",
  booktitle =	 "Proceedings of the Twenty-second Annual German Conference on Artificial Intelligence (KI'98)",
  publisher =	 springer,
  series =	 lncs,
  volume =	 1504,
  year =	 1998
}

@Proceedings{kowalski02,
  editor =	 "A. Kakas and F. Sadri",
  title =	 "Computational Logic: Logic Programming and Beyond, Essays in Honour of Robert Kowalski",
  booktitle =	 "Computational Logic: Logic Programming and Beyond, Essays in Honour of Robert Kowalski",
  publisher =	 springer,
  series =	 lncs,
  volume =	 2408,
  year =	 2002
}

@Proceedings{kr00,
  editor =	 "A. Cohn and F. Giunchiglia and B. Selman",
  title =	 "Proceedings of the Seventh International Conference on Principles of Knowledge Representation and Reasoning (KR'00)",
  booktitle =	 "Proceedings of the Seventh International Conference on Principles of Knowledge Representation and Reasoning (KR'00)",
  publisher =	 m-k,
  year =	 2000
}

@Proceedings{kr02,
  editor =	 "D. Fensel and F. Giunchiglia and D. McGuiness and M. Williams",
  title =	 "Proceedings of the Eighth International Conference on Principles of Knowledge Representation and Reasoning (KR'02)",
  booktitle =	 "Proceedings of the Eighth International Conference on Principles of Knowledge Representation and Reasoning (KR'02)",
  publisher =	 m-k,
  year =	 2002
}

@Proceedings{kr04,
  editor =	 "D. Dubois and C. Welty and M. Williams",
  title =	 "Proceedings of the Ninth International Conference on Principles of Knowledge Representation and Reasoning (KR'04)",
  booktitle =	 "Proceedings of the Ninth International Conference on Principles of Knowledge Representation and Reasoning (KR'04)",
  publisher =	 "AAAI Press",
  year =	 2004
}

@Proceedings{kr06,
  title =	 "Proceedings of the Tenth International Conference on Principles of Knowledge Representation and Reasoning (KR'06)",
  booktitle =	 "Proceedings of the Tenth International Conference on Principles of Knowledge Representation and Reasoning (KR'06)",
  editor =	 "P. Doherty and J. Mylopoulos and C. Welty",
  publisher =	 "AAAI Press",
  year =	 2006
}

@Proceedings{kr08,
  title =	 "Proceedings of the Eleventh International Conference on Principles of Knowledge Representation and Reasoning (KR'08)",
  booktitle =	 "Proceedings of the Eleventh International Conference on Principles of Knowledge Representation and Reasoning (KR'08)",
  editor =	 "G. Brewka and J. Lang",
  publisher =	 "AAAI Press",
  year =	 2008
}

@Proceedings{kr10,
  title =	 "Proceedings of the Twelfth International Conference on Principles of Knowledge Representation and Reasoning (KR'10)",
  booktitle =	 "Proceedings of the Twelfth International Conference on Principles of Knowledge Representation and Reasoning (KR'10)",
  editor =	 "F. Lin and U. Sattler",
  publisher =	 "AAAI Press",
  year =	 2010
}

@Proceedings{kr12,
  title =	 "Proceedings of the Thirteenth International Conference on Principles of Knowledge Representation and Reasoning (KR'12)",
  booktitle =	 "Proceedings of the Thirteenth International Conference on Principles of Knowledge Representation and Reasoning (KR'12)",
  editor =	 "G. Brewka and T. Eiter and S. McIlraith",
  publisher =	 "AAAI Press",
  year =	 2012
}

@Proceedings{kr14,
  title =	 "Proceedings of the Fourteenth International Conference on Principles of Knowledge Representation and Reasoning (KR'14)",
  booktitle =	 "Proceedings of the Fourteenth International Conference on Principles of Knowledge Representation and Reasoning (KR'14)",
  editor =	 "C. Baral and G. {De Giacomo} and T. Eiter",
  publisher =	 "AAAI Press",
  year =	 2014
}

@Proceedings{kr89,
  editor =	 "R. Brachman and H. Levesque and R. Reiter",
  title =	 "Proceedings of the First International Conference on Principles of Knowledge Representation and Reasoning (KR'89)",
  booktitle =	 "Proceedings of the First International Conference on Principles of Knowledge Representation and Reasoning (KR'89)",
  publisher =	 m-k,
  year =	 1989
}

@Proceedings{kr91,
  editor =	 "J. Allen and R. Fikes and E. Sandewall",
  title =	 "Proceedings of the Second International Conference on Principles of Knowledge Representation and Reasoning (KR'91)",
  booktitle =	 "Proceedings of the Second International Conference on Principles of Knowledge Representation and Reasoning (KR'91)",
  publisher =	 m-k,
  year =	 1991
}

@Proceedings{kr92,
  editor =	 "B. Nebel and C. Rich and W. Swartout",
  title =	 "Proceedings of the Third International Conference on Principles of Knowledge Representation and Reasoning (KR'92)",
  booktitle =	 "Proceedings of the Third International Conference on Principles of Knowledge Representation and Reasoning (KR'92)",
  publisher =	 m-k,
  year =	 1992
}

@Proceedings{kr94,
  editor =	 "J. Doyle and P. Torasso and E. Sandewall",
  title =	 "Proceedings of the Fourth International Conference on Principles of Knowledge Representation and Reasoning (KR'94)",
  booktitle =	 "Proceedings of the Fourth International Conference on Principles of Knowledge Representation and Reasoning (KR'94)",
  publisher =	 m-k,
  year =	 1994
}

@Proceedings{kr96,
  editor =	 "L. Aiello and J. Doyle and S. Shapiro",
  title =	 "Proceedings of the Fifth International Conference on Principles of Knowledge Representation and Reasoning (KR'96)",
  booktitle =	 "Proceedings of the Fifth International Conference on Principles of Knowledge Representation and Reasoning (KR'96)",
  publisher =	 m-k,
  year =	 1996
}

@Proceedings{kr98,
  editor =	 "A. Cohn and L. Schubert and S. Shapiro",
  title =	 "Proceedings of the Sixth International Conference on Principles of Knowledge Representation and Reasoning (KR'98)",
  booktitle =	 "Proceedings of the Sixth International Conference on Principles of Knowledge Representation and Reasoning (KR'98)",
  publisher =	 m-k,
  year =	 1998
}

@Proceedings{lash08,
  title =	 "Proceedings of the Second International Workshop on Logic and Search (LaSh'08)",
  booktitle =	 "Proceedings of the Second International Workshop on Logic and Search (LaSh'08)",
  year =	 2008,
  editor =	 "M. Denecker"
}

@Book{lbai,
  editor =	 "J. Minker",
  title =	 "Logic-Based Artificial Intelligence",
  booktitle =	 "Logic-Based Artificial Intelligence",
  publisher =	 kluwer,
  year =	 2000,
  address =	 "Dordrecht"
}

@Proceedings{lics15,
  title =	 "Proceedings of the Thirtieth Annual Symposium on Logic in Computer Science (LICS'15)",
  booktitle =	 "Proceedings of the Thirtieth Annual Symposium on Logic in Computer Science (LICS'15)",
  publisher =	 ieee,
  year =	 2015,
}

@Proceedings{lics10,
  title =	 "Proceedings of the Twenty-Fifth Annual Symposium on Logic in Computer Science (LICS'10)",
  booktitle =	 "Proceedings of the Twenty-Fifth Annual Symposium on Logic in Computer Science (LICS'10)",
  publisher =	 ieee,
  year =	 2010
}

@Proceedings{lics87,
  title =	 "Proceedings of the Second Annual Symposium on Logic in Computer Science (LICS'87)",
  booktitle =	 "Proceedings of the Second Annual Symposium on Logic in Computer Science (LICS'87)",
  publisher =	 ieee,
  year =	 1987
}

@Proceedings{lics89,
  title =	 "Proceedings of the Fourth Annual Symposium on Logic in Computer Science (LICS'89)",
  booktitle =	 "Proceedings of the Fourth Annual Symposium on Logic in Computer Science (LICS'89)",
  publisher =	 ieee,
  year =	 1989
}

@Proceedings{lics94,
  title =	 "Proceedings of the Ninth Annual Symposium on Logic in Computer Science (LICS'94)",
  booktitle =	 "Proceedings of the Ninth Annual Symposium on Logic in Computer Science (LICS'94)",
  publisher =	 ieee,
  year =	 1994
}

@Proceedings{lion10,
  editor =	 "C. Blum and R. Battiti",
  title =	 "Proceedings of the Fourth International Conference on Learning and Intelligent Optimization (LION'10)",
  booktitle =	 "Proceedings of the Fourth International Conference on Learning and Intelligent Optimization (LION'10)",
  publisher =	 springer,
  series =	 lncs,
  year =	 2010,
  volume =	 6073
}

@Proceedings{lion11,
  title =	 "Proceedings of the Fifth International Conference on Learning and Intelligent Optimization (LION'11)",
  booktitle =	 "Proceedings of the Fifth International Conference on Learning and Intelligent Optimization (LION'11)",
  publisher =	 springer,
  series =	 lncs,
  year =	 2011,
  volume =	 6683
}

@Proceedings{lion12,
  editor =	 "Y. Hamadi and M. Schoenauer",
  title =	 "Proceedings of the Sixth International Conference Learning and Intelligent Optimization (LION'12)",
  booktitle =	 "Proceedings of the Sixth International Conference Learning and Intelligent Optimization (LION'12)",
  publisher =	 springer,
  series =	 lncs,
  year =	 2012,
  volume =	 7219
}

@Proceedings{lion13,
  editor =	 "P. Pardalos and G. Nicosia",
  title =	 "Proceedings of the Seventh International Conference on Learning and Intelligent Optimization (LION'13)",
  booktitle =	 "Proceedings of the Seventh International Conference on Learning and Intelligent Optimization (LION'13)",
  publisher =	 springer,
  year =	 2013,
  series =	 lncs,
  volume =	 7997
}

@Proceedings{lion14,
  editor =	 "P. Pardalos and M. Resende",
  title =	 "Proceedings of the Eighth International Conference on Learning and Intelligent Optimization (LION'14)",
  booktitle =	 "Proceedings of the Eighth International Conference on Learning and Intelligent Optimization (LION'14)",
  publisher =	 springer,
  year =	 2014,
  series =	 lncs,
  volume =	 8426
}

@Proceedings{lococo10,
  editor =	 "I. Lynce and R. Treinen",
  title =	 "Proceedings of the First International Workshop on Logics for Component Configuration (LoCoCo'10)",
  booktitle =	 "Proceedings of the First International Workshop on Logics for Component Configuration (LoCoCo'10)",
  series =	 "Electronic Proceedings in Theoretical Computer Science (EPTCS)",
  volume =	 29,
  year =	 2010
}

@Proceedings{lococo11,
  editor =	 "C. Drescher and I. Lynce and R. Treinen",
  title =	 "Proceedings of the Second International Workshop on Logics for Component Configuration (LoCoCo'11)",
  booktitle =	 "Proceedings of the Second International Workshop on Logics for Component Configuration (LoCoCo'11)",
  series =	 "Electronic Proceedings in Theoretical Computer Science (EPTCS)",
  volume =	 65,
  year =	 2011
}

@Proceedings{lopstr01,
  editor =	 "A. Pettorossi",
  title =	 "Proceedings of the Eleventh International Workshop on Logic Based Program Synthesis and Transformation (LOPSTR'01)",
  booktitle =	 "Proceedings of the Eleventh International Workshop on Logic Based Program Synthesis and Transformation (LOPSTR'01)",
  publisher =	 springer,
  series =	 lncs,
  volume =	 2372,
  year =	 2001
}

@Proceedings{lopstr05,
  editor =	 "P. Hill",
  title =	 "Proceedings of the Fifteenth International Symposium of Logic Based Program Synthesis and Transformation (LOPSTR'05)",
  booktitle =	 "Proceedings of the Fifteenth International Symposium of Logic Based Program Synthesis and Transformation (LOPSTR'05)",
  publisher =	 springer,
  series =	 lncs,
  volume =	 3901,
  year =	 2006
}

@Proceedings{lpar05,
  title =	 "Proceedings of the Twelfth International Conference on Logic for Programming, Artificial Intelligence, and Reasoning (LPAR'05)",
  booktitle =	 "Proceedings of the Twelfth International Conference on Logic for Programming, Artificial Intelligence, and Reasoning (LPAR'05)",
  year =	 2005,
  editor =	 "G. Sutcliffe and A. Voronkov",
  volume =	 3835,
  series =	 lnai,
  publisher =	 springer
}

@Proceedings{lpar06,
  editor =	 "M. Hermann and A. Voronkov",
  title =	 "Proceedings of the Thirteenth International Conference on Logic for Programming, Artificial Intelligence, and Reasoning (LPAR'06)",
  booktitle =	 "Proceedings of the Thirteenth International Conference on Logic for Programming, Artificial Intelligence, and Reasoning (LPAR'06)",
  publisher =	 springer,
  series =	 lncs,
  volume =	 4246,
  year =	 2006
}

@Proceedings{lpar12,
  editor =	 "N. Bj{\o}rner and A. Voronkov",
  title =	 "Proceedings of the Eighteenth International Conference on Logic for Programming, Artificial Intelligence, and Reasoning (LPAR'12)",
  booktitle =	 "Proceedings of the Eighteenth International Conference on Logic for Programming, Artificial Intelligence, and Reasoning (LPAR'12)",
  publisher =	 springer,
  series =	 lncs,
  volume =	 7180,
  year =	 2012,
}

@Proceedings{lpar13,
  editor =	 "K. McMillan and A. Middeldorp and A. Voronkov",
  title =	 "Proceedings of the Ninteenth International Conference on Logic for Programming, Artificial Intelligence, and Reasoning (LPAR'13)",
  booktitle =	 "Proceedings of the Ninteenth International Conference on Logic for Programming, Artificial Intelligence, and Reasoning (LPAR'13)",
  series =	 lncs,
  volume =	 8312,
  publisher =	 springer,
  year =	 2013
}

@Proceedings{lpnmr01,
  title =	 "Proceedings of the Sixth International Conference on Logic Programming and Nonmonotonic Reasoning (LPNMR'01)",
  booktitle =	 "Proceedings of the Sixth International Conference on Logic Programming and Nonmonotonic Reasoning (LPNMR'01)",
  year =	 2001,
  editor =	 "T. Eiter and W. Faber and M. Truszczy{\'n}ski",
  volume =	 2173,
  series =	 lncs,
  publisher =	 springer
}

@Proceedings{lpnmr04,
  title =	 "Proceedings of the Seventh International Conference on Logic Programming and Nonmonotonic Reasoning (LPNMR'04)",
  booktitle =	 "Proceedings of the Seventh International Conference on Logic Programming and Nonmonotonic Reasoning (LPNMR'04)",
  year =	 2004,
  editor =	 "V. Lifschitz and I. Niemel{\"a}",
  volume =	 2923,
  series =	 lnai,
  publisher =	 springer
}

@Proceedings{lpnmr05,
  title =	 "Proceedings of the Eighth International Conference on Logic Programming and Nonmonotonic Reasoning (LPNMR'05)",
  booktitle =	 "Proceedings of the Eighth International Conference on Logic Programming and Nonmonotonic Reasoning (LPNMR'05)",
  year =	 2005,
  editor =	 "C. Baral and G. Greco and N. Leone and G. Terracina",
  volume =	 3662,
  series =	 lnai,
  publisher =	 springer
}

@Proceedings{lpnmr07,
  title =	 "Proceedings of the Ninth International Conference on Logic Programming and Nonmonotonic Reasoning (LPNMR'07)",
  booktitle =	 "Proceedings of the Ninth International Conference on Logic Programming and Nonmonotonic Reasoning (LPNMR'07)",
  year =	 2007,
  editor =	 "C. Baral and G. Brewka and J. Schlipf",
  volume =	 4483,
  series =	 lnai,
  publisher =	 springer
}

@Proceedings{lpnmr09,
  title =	 "Proceedings of the Tenth International Conference on Logic Programming and Nonmonotonic Reasoning (LPNMR'09)",
  booktitle =	 "Proceedings of the Tenth International Conference on Logic Programming and Nonmonotonic Reasoning (LPNMR'09)",
  year =	 2009,
  editor =	 "E. Erdem and F. Lin and T. Schaub",
  volume =	 5753,
  series =	 lnai,
  publisher =	 springer
}

@Proceedings{lpnmr11,
  title =	 "Proceedings of the Eleventh International Conference on Logic Programming and Nonmonotonic Reasoning (LPNMR'11)",
  booktitle =	 "Proceedings of the Eleventh International Conference on Logic Programming and Nonmonotonic Reasoning (LPNMR'11)",
  year =	 2011,
  editor =	 "J. Delgrande and W. Faber",
  volume =	 6645,
  series =	 lnai,
  publisher =	 springer
}

@Proceedings{lpnmr13,
  title =	 "Proceedings of the Twelfth International Conference on Logic Programming and Nonmonotonic Reasoning (LPNMR'13)",
  booktitle =	 "Proceedings of the Twelfth International Conference on Logic Programming and Nonmonotonic Reasoning (LPNMR'13)",
  year =	 2013,
  editor =	 "P. Cabalar and T. Son",
  volume =	 8148,
  series =	 lnai,
  publisher =	 springer
}

@Proceedings{lpnmr15,
  title =	 "Proceedings of the Thirteenth International Conference on Logic Programming and Nonmonotonic Reasoning (LPNMR'15)",
  booktitle =	 "Proceedings of the Thirteenth International Conference on Logic Programming and Nonmonotonic Reasoning (LPNMR'15)",
  year =	 2015,
  editor =	 "F. Calimeri and G. Ianni and M. Truszczy{\'n}ski",
  volume =	 9345,
  series =	 lnai,
  publisher =	 springer
}

@Proceedings{lpnmr17,
  title =	 "Proceedings of the Fourteenth International Conference on Logic Programming and Nonmonotonic Reasoning (LPNMR'17)",
  booktitle =	 "Proceedings of the Fourteenth International Conference on Logic Programming and Nonmonotonic Reasoning (LPNMR'17)",
  year =	 2017,
  editor =	 "M. Balduccini and T. Janhunen",
  volume =	 10377,
  series =	 lnai,
  publisher =	 springer
}

@Proceedings{lpnmr19,
  title =	 "Proceedings of the Fifteenth International Conference on Logic Programming and Nonmonotonic Reasoning (LPNMR'19)",
  booktitle =	 "Proceedings of the Fifteenth International Conference on Logic Programming and Nonmonotonic Reasoning (LPNMR'19)",
  year =	 2019,
  editor =	 "M. Balduccini and Y. Lierler and S. Woltran",
  volume =	 11481,
  series =	 lnai,
  publisher =	 springer
}

@Proceedings{lpnmr95,
  title =	 "Proceedings of the Third International Conference on Logic Programming and Nonmonotonic Reasoning (LPNMR'95)",
  booktitle =	 "Proceedings of the Third International Conference on Logic Programming and Nonmonotonic Reasoning (LPNMR'95)",
  year =	 1995,
  editor =	 "V. Marek and A. Nerode",
  volume =	 928,
  series =	 lnai,
  publisher =	 springer
}

@Proceedings{lpnmr97,
  title =	 "Proceedings of the Fourth International Conference on Logic Programming and Nonmonotonic Reasoning (LPNMR'97)",
  booktitle =	 "Proceedings of the Fourth International Conference on Logic Programming and Nonmonotonic Reasoning (LPNMR'97)",
  year =	 1997,
  editor =	 "J. Dix and U. Furbach and A. Nerode",
  volume =	 1265,
  series =	 lnai,
  publisher =	 springer
}

@Proceedings{lpnmr99,
  title =	 "Proceedings of the Fifth International Conference on Logic Programming and Nonmonotonic Reasoning (LPNMR'99)",
  booktitle =	 "Proceedings of the Fifth International Conference on Logic Programming and Nonmonotonic Reasoning (LPNMR'99)",
  year =	 1999,
  editor =	 "M. Gelfond and N. Leone and G. Pfeifer",
  volume =	 1730,
  series =	 lnai,
  publisher =	 springer
}

@Proceedings{mbmv13,
  editor =	 "C. Haubelt and D. Timmermann",
  title =	 "Sechzehnter Workshop f{\"u}r Methoden und Beschreibungssprachen zur Modellierung und Verifikation von Schaltungen und Systemen (MBMV'13)",
  booktitle =	 "Sechzehnter Workshop f{\"u}r Methoden und Beschreibungssprachen zur Modellierung und Verifikation von Schaltungen und Systemen (MBMV'13)",
  publisher =	 "Institut f{\"u}r Angewandte Mikroelektronik und Datentechnik, Universit{\"a}t Rostock",
  year =	 2013
}

@Proceedings{mbmv18,
  editor =	 "O. Bringmann and A. {von Bernuth}",
  title =	 "Einundzwanzigster Workshop f{\"u}r Methoden und Beschreibungssprachen zur Modellierung und Verifikation von Schaltungen und Systemen (MBMV'18)",
  booktitle =	 "Einundzwanzigster Workshop f{\"u}r Methoden und Beschreibungssprachen zur Modellierung und Verifikation von Schaltungen und Systemen (MBMV'18)",
  year =	 2018
}

@Proceedings{mg65,
  editor =	 "M. Balduccini and T. Son",
  title =	 "Logic Programming, Knowledge Representation, and Nonmonotonic Reasoning: Essays Dedicated to {M}ichael {G}elfond on the Occasion of
                  His 65th Birthday",
  booktitle =	 "Logic Programming, Knowledge Representation, and Nonmonotonic Reasoning: Essays Dedicated to {M}ichael {G}elfond on the Occasion of
                  His 65th Birthday",
  publisher =	 springer,
  year =	 2011,
  volume =	 6565,
  series =	 lncs
}

@Proceedings{modref10,
  title =	 "Proceedings of the Ninth International Workshop on Constraint Modelling and Reformulation (ModRef'10)",
  booktitle =	 "Proceedings of the Ninth International Workshop on Constraint Modelling and Reformulation (ModRef'10)",
  year =	 2010
}

@Proceedings{mtv05,
  title =	 "Proceedings of the Sixth International Workshop on Microprocessor Test and Verification (MTV'05)",
  booktitle =	 "Proceedings of the Sixth International Workshop on Microprocessor Test and Verification (MTV'05)",
  editor =	 "M. Abadir and L. Wang",
  publisher =	 ieee,
  year =	 2005
}

@Proceedings{nmelp96,
  title =	 "Proceedings of the Sixth International Workshop on Non-Monotonic Extensions of Logic Programming (NMELP'96)",
  booktitle =	 "Proceedings of the Sixth International Workshop on Non-Monotonic Extensions of Logic Programming (NMELP'96)",
  year =	 1997,
  editor =	 "J. Dix and L. Pereira and T. Przymusinski",
  volume =	 1216,
  series =	 lncs,
  publisher =	 springer
}

@Proceedings{nmr00,
  editor =	 "C. Baral and M. Truszczy{\'n}ski",
  title =	 "Proceedings of the Eighth International Workshop on Nonmonotonic Reasoning (NMR'00)",
  booktitle =	 "Proceedings of the Eighth International Workshop on Nonmonotonic Reasoning (NMR'00)",
  year =	 2000
}

@Proceedings{nmr04,
  editor =	 "J. Delgrande and T. Schaub",
  title =	 "Proceedings of the Tenth International Workshop on Nonmonotonic Reasoning (NMR'04)",
  booktitle =	 "Proceedings of the Tenth International Workshop on Nonmonotonic Reasoning (NMR'04)",
  year =	 2004
}

@Proceedings{nmr06,
  title =	 "Proceedings of the Eleventh International Workshop on Nonmonotonic Reasoning (NMR'06)",
  booktitle =	 "Proceedings of the Eleventh International Workshop on Nonmonotonic Reasoning (NMR'06)",
  year =	 2006,
  editor =	 "J. Dix and A. Hunter",
  number =	 "IFI-06-04",
  series =	 "Technical Report Series",
  organization = "Clausthal University of Technology",
  publisher =	 "Institute for Informatics",
  annote =	 "http://www.in.tu-clausthal.de/forschung/technical-reports/"
}

@Proceedings{nmr08,
  title =	 "Proceedings of the Twelfth International Workshop on Nonmonotonic Reasoning (NMR'08)",
  booktitle =	 "Proceedings of the Twelfth International Workshop on Nonmonotonic Reasoning (NMR'08)",
  editor =	 "M. Pagnucco and M. Thielscher",
  year =	 2008,
  series =	 "School of Computer Science and Engineering, The University of New South Wales, Technical Report Series",
  number =	 "UNSW-CSE-TR-0819",
  url =		 "http://www.cse.unsw.edu.au/\textasciitilde kr2008/NMR2008/nmr08.pdf"
}

@Proceedings{nmr10,
  title =	 "Proceedings of the Thirteens International Workshop on Nonmonotonic Reasoning (NMR'10)",
  booktitle =	 "Proceedings of the Thirteens International Workshop on Nonmonotonic Reasoning (NMR'10)",
  editor =	 "T. Meyer and E. Ternovska",
  year =	 2010,
}

@Proceedings{nmr14,
  title =	 "Proceedings of the Fifteenth International Workshop on Nonmonotonic Reasoning (NMR'14)",
  booktitle =	 "Proceedings of the Fifteenth International Workshop on Nonmonotonic Reasoning (NMR'14)",
  editor =	 "S. Konieczny and H. Tompits",
  year =	 2014
}

@Proceedings{nmr18,
  title =	 "Proceedings of the Seventeenth International Workshop on Nonmonotonic Reasoning (NMR'18)",
  booktitle =	 "Proceedings of the Seventeenth International Workshop on Nonmonotonic Reasoning (NMR'18)",
  editor =	 "E. Ferm{\'e} and S. Villata",
  year =	 2018
}

@Proceedings{nmr84,
  title =	 "Proceedings of the First International Workshop on Nonmonotonic Reasoning",
  booktitle =	 "Proceedings of the First International Workshop on Nonmonotonic Reasoning",
  year =	 1984,
  organization = aaai
}

@Proceedings{nmr90,
  title =	 "Proceedings of the Third International Workshop on Nonmonotonic Reasoning",
  booktitle =	 "Proceedings of the Third International Workshop on Nonmonotonic Reasoning",
  year =	 1990,
  editor =	 "K. Konolige",
  organization = aaai
}

@Proceedings{nmr92,
  title =	 "Proceedings of the Fourth International Workshop on Nonmonotonic Reasoning",
  booktitle =	 "Proceedings of the Fourth International Workshop on Nonmonotonic Reasoning",
  year =	 1992,
  editor =	 "D. Etherington and H. Kautz",
  organization = aaai
}

@Proceedings{padl04,
  editor =	 "B. Jayaraman",
  title =	 "Proceedings of the Sixth International Symposium on Practical Aspects of Declarative Languages (PADL'04)",
  booktitle =	 "Proceedings of the Sixth International Symposium on Practical Aspects of Declarative Languages (PADL'04)",
  publisher =	 springer,
  series =	 lncs,
  volume =	 3057,
  year =	 2004
}

@Proceedings{padl09,
  editor =	 "A. Gill and T. Swift",
  title =	 "Proceedings of the Eleventh International Symposium on Practical Aspects of Declarative Languages (PADL'09)",
  booktitle =	 "Proceedings of the Eleventh International Symposium on Practical Aspects of Declarative Languages (PADL'09)",
  publisher =	 springer,
  series =	 lncs,
  volume =	 5418,
  year =	 2009
}

@Proceedings{padl10,
  editor =	 "M. Carro and R. Pe{\~n}a",
  title =	 "Proceedings of the Twelfth International Symposium on Practical Aspects of Declarative Languages (PADL'10)",
  booktitle =	 "Proceedings of the Twelfth International Symposium on Practical Aspects of Declarative Languages (PADL'10)",
  publisher =	 springer,
  series =	 lncs,
  volume =	 5937,
  year =	 2010
}

@Proceedings{pdmc09,
  editor =	 "L. Brim and J. van de Pol",
  title =	 "Proceedings of the Eighth International Workshop on Parallel and Distributed Methods in Verification (PDMC'09)",
  booktitle =	 "Proceedings of the Eighth International Workshop on Parallel and Distributed Methods in Verification (PDMC'09)",
  series =	 "Electronic Proceedings in Theoretical Computer Science",
  volume =	 14,
  year =	 2009
}

@Proceedings{petra08,
  editor =	 "F. Makedon and L. Baillie",
  title =	 "Proceedings of the ACM International Conference on Pervasive Technologies Related to Assistive Environments (PETRA'08)",
  booktitle =	 "Proceedings of the ACM International Conference on Pervasive Technologies Related to Assistive Environments (PETRA'08)",
  publisher =	 "ACM",
  series =	 "ACM International Conference Proceeding Series",
  volume =	 282,
  year =	 2008
}

@Proceedings{pkdd07,
  editor =	 "J. Kok and J. Koronacki and R. {L{\'o}pez de M{\'a}ntaras} and S. Matwin and D. Mladenic and A. Skowron",
  title =	 "Proceedings of the Eleventh European Conference on Principles and Practice of Knowledge Discovery in Databases (PKDD'07)",
  booktitle =	 "Proceedings of the Eleventh European Conference on Principles and Practice of Knowledge Discovery in Databases (PKDD'07)",
  publisher =	 springer,
  series =	 lncs,
  volume =	 4702,
  year =	 2007
}

@Proceedings{pldi04,
  editor =	 "W. Pugh and C. Chambers",
  title =	 "Proceedings of the ACM SIGPLAN Conference on Programming Language Design and Implementation (PLDI'04)",
  booktitle =	 "Proceedings of the ACM SIGPLAN Conference on Programming Language Design and Implementation (PLDI'04)",
  publisher =	 "ACM Press",
  year =	 2004
}

@Proceedings{podc96,
  title =	 "Proceedings of the Fifteenth Annual ACM Symposium on Principles of Distributed Computing (PODC'96)",
  booktitle =	 "Proceedings of the Fifteenth Annual ACM Symposium on Principles of Distributed Computing (PODC'96)",
  publisher =	 "ACM Press",
  year =	 1996
}

@Proceedings{pods02,
  editor =	 "L. Popa",
  title =	 "Proceedings of the Twenty-first ACM SIGACT-SIGMOD-SIGART Symposium on Principles of Database Systems (PODS'02)",
  booktitle =	 "Proceedings of the Twenty-first ACM SIGACT-SIGMOD-SIGART Symposium on Principles of Database Systems (PODS'02)",
  publisher =	 "ACM Press",
  year =	 2002
}

@Proceedings{pods06,
  editor =	 "S. Vansummeren",
  title =	 "Proceedings of the Twenty-Fifth ACM SIGACT-SIGMOD-SIGART Symposium on Principles of Database Systems (PODS'06)",
  booktitle =	 "Proceedings of the Twenty-Fifth ACM SIGACT-SIGMOD-SIGART Symposium on Principles of Database Systems (PODS'06)",
  publisher =	 "ACM Press",
  year =	 2006
}

@Proceedings{pods86,
  title =	 "Proceedings of the Fifth ACM SIGACT-SIGMOD Symposium on Principles of Database Systems",
  booktitle =	 "Proceedings of the Fifth ACM SIGACT-SIGMOD Symposium on Principles of Database Systems",
  publisher =	 "ACM Press",
  year =	 1986
}

@Proceedings{pods93,
  title =	 "Proceedings of the Twelfth ACM SIGACT-SIGMOD-SIGART Symposium on Principles of Database Systems (PODS'93)",
  booktitle =	 "Proceedings of the Twelfth ACM SIGACT-SIGMOD-SIGART Symposium on Principles of Database Systems (PODS'93)",
  publisher =	 "ACM Press",
  year =	 1993
}

@Proceedings{policy05,
  title =	 "Proceedings of the Sixth IEEE International Workshop on Policies for Distributed Systems and Networks (POLICY'05)",
  booktitle =	 "Proceedings of the Sixth IEEE International Workshop on Policies for Distributed Systems and Networks (POLICY'05)",
  publisher =	 ieee,
  year =	 2005
}

@Proceedings{pos10,
  editor =	 "D. {Le Berre}",
  title =	 "Proceedings of the First Workshop on Pragmatics of SAT (PoS'10)",
  booktitle =	 "Proceedings of the First Workshop on Pragmatics of SAT (PoS'10)",
  series =	 "EPiC Series in Computing",
  volume =	 8,
  publisher =	 "EasyChair",
  year =	 2012
}

@Proceedings{pos11,
  title =	 "Proceedings of the Second Workshop on Pragmatics of SAT (PoS'11)",
  booktitle =	 "Proceedings of the Second Workshop on Pragmatics of SAT (PoS'11)",
  year =	 2011,
  editor =	 "D. {Le Berre} and A. {Van Gelder}"
}

@Proceedings{pos13,
  title =	 "Proceedings of the Fourth Workshop on Pragmatics of SAT (PoS'13)",
  booktitle =	 "Proceedings of the Fourth Workshop on Pragmatics of SAT (PoS'13)",
  year =	 2013,
  editor =	 "D. {Le Berre} and A. {Van Gelder}"
}

@Proceedings{pos13epic,
  title =	 "Proceedings of the Fourth Workshop on Pragmatics of SAT (PoS'13)",
  booktitle =	 "Proceedings of the Fourth Workshop on Pragmatics of SAT (PoS'13)",
  editor =	 "D. {Le Berre}",
  publisher =	 "EasyChair",
  series =	 "EasyChair Proceedings in Computing",
  volume =	 29,
  year =	 2014
}

@Proceedings{ppdp14,
  editor =	 "O. Chitil and A. King and O. Danvy",
  title =	 "Proceedings of the Sixteenth International Symposium on Principles and Practice of Declarative Programming (PPDP'14)",
  booktitle =	 "Proceedings of the Sixteenth International Symposium on Principles and Practice of Declarative Programming (PPDP'14)",
  publisher =	 acm,
  year =	 2014
}

@Proceedings{ppdp16,
  editor =	 "J. Cheney and G. Vidal",
  booktitle =	 "Proceedings of the Eighteenth International Symposium on Principles and Practice of Declarative Programming (PPDP'16)",
  title =	 "Proceedings of the Eighteenth International Symposium on Principles and Practice of Declarative Programming (PPDP'16)",
  publisher =	 acm,
  year =	 2016
}

@Proceedings{prefs06,
  title =	 "Proceedings of the International Workshop on Preferences in Logic Programming Systems (PREFS'06)",
  year =	 2006,
  booktitle =	 "Proceedings of the International Workshop on Preferences in Logic Programming Systems (PREFS'06)",
  editor =	 "E. Pontelli and T. Son"
}

@Proceedings{pricai14,
  title =	 "Proceedings of the Thirteenth Pacific Rim International Conference on Artificial Intelligence (PRICAI'14)",
  booktitle =	 "Proceedings of the Thirteenth Pacific Rim International Conference on Artificial Intelligence (PRICAI'14)",
  editor =	 "D. Pham and S. Park",
  publisher =	 springer,
  series =	 lnai,
  volume =	 8862,
  year =	 2014
}

@Proceedings{pvmmpi09,
  title =	 "Proceedings of the Sixteenth European PVM/MPI Users' Group Meeting on Recent Advances in Parallel Virtual Machine and Message
                  Passing Interface (PVM/MPI'09)",
  booktitle =	 "Proceedings of the Sixteenth European PVM/MPI Users' Group Meeting on Recent Advances in Parallel Virtual Machine and Message
                  Passing Interface (PVM/MPI'09)",
  year =	 2009,
  editor =	 "M. Ropo and J. Westerholm and J. Dongarra",
  volume =	 5759,
  series =	 lncs,
  publisher =	 springer
}

@Proceedings{rcra09,
  editor =	 "M. Gavanelli and T. Mancini",
  title =	 "Proceedings of the Sixteenth RCRA International Workshop on Experimental Evaluation of Algorithms for Solving Problems with
                  Combinatorial Explosion (RCRA'09)",
  booktitle =	 "Proceedings of the Sixteenth RCRA International Workshop on Experimental Evaluation of Algorithms for Solving Problems with
                  Combinatorial Explosion (RCRA'09)",
  publisher =	 "CEUR Workshop Proceedings (CEUR-WS.org)",
  year =	 2009
}

@Proceedings{reinfrank89a,
  title =	 "Proceedings of the Second International Workshop on Nonmonotonic Reasoning",
  booktitle =	 "Proceedings of the Second International Workshop on Nonmonotonic Reasoning",
  publisher =	 springer,
  year =	 1989,
  editor =	 "M. Reinfrank and J. de Kleer and M. Ginsberg and E. Sandewall",
  volume =	 346,
  series =	 lnai
}

@Proceedings{rr08,
  editor =	 "D. Calvanese and G. Lausen",
  title =	 "Proceedings of the Second International Conference on Web Reasoning and Rule Systems (RR'08)",
  booktitle =	 "Proceedings of the Second International Conference on Web Reasoning and Rule Systems (RR'08)",
  publisher =	 springer,
  series =	 lncs,
  volume =	 5341,
  year =	 2008
}

@Proceedings{rr10,
  editor =	 "P. Hitzler and T. Lukasiewicz",
  title =	 "Proceedings of the Fourth International Conference on Web Reasoning and Rule Systems (RR'10)",
  booktitle =	 "Proceedings of the Fourth International Conference on Web Reasoning and Rule Systems (RR'10)",
  publisher =	 springer,
  series =	 lncs,
  volume =	 6333,
  year =	 2010
}

@Proceedings{rr15,
  editor =	 "B. {ten Cate} and A. Mileo",
  title =	 "Proceedings of the Ninth International Conference on Web Reasoning and Rule Systems (RR'15)",
  booktitle =	 "Proceedings of the Ninth International Conference on Web Reasoning and Rule Systems (RR'15)",
  publisher =	 springer,
  series =	 lncs,
  volume =	 9209,
  year =	 2015
}

@Proceedings{rss-cp13,
  title =	 "Proceedings of Combined Robot Motion Planning and AI Planning for Practical Applications (RSS-CP13)",
  booktitle =	 "Proceedings of Combined Robot Motion Planning and AI Planning for Practical Applications (RSS-CP13)",
  year =	 2013
}

@proceedings{ruleml12,
  editor =	 "A. Bikakis and A. Giurca",
  title =	 "Proceedings of the Sixth International Symposium on Rules on the Web: Research and Applications",
  booktitle =	 "Proceedings of the Sixth International Symposium on Rules on the Web: Research and Applications",
  publisher =	 springer,
  series =	 lncs,
  volume =	 7438,
  year =	 2012
}

@Proceedings{sat01,
  title =	 "Proceedings of the Fourth Workshop on Theory and Applications of Satisfiability Testing (SAT'01)",
  booktitle =	 "Proceedings of the Fourth Workshop on Theory and Applications of Satisfiability Testing (SAT'01)",
  editor =	 "H. Kautz and B. Selman",
  volume =	 9,
  series =	 "Electronic Notes in Discrete Mathematics",
  publisher =	 elsevier,
  year =	 2001
}

@Proceedings{sat02,
  title =	 "Proceedings of the Fifth International Symposium on Theory and Applications of Satisfiability Testing (SAT'02)",
  booktitle =	 "Proceedings of the Fifth International Symposium on Theory and Applications of Satisfiability Testing (SAT'02)",
  year =	 2002,
  note =	 "Available at http://gauss.ececs.uc.edu/Conferences/SAT2002/sat2002list.html"
}

@Proceedings{sat03,
  editor =	 "E. Giunchiglia and A. Tacchella",
  title =	 "Proceedings of the Sixth International Conference on Theory and Applications of Satisfiability Testing (SAT'03)",
  booktitle =	 "Proceedings of the Sixth International Conference on Theory and Applications of Satisfiability Testing (SAT'03)",
  publisher =	 springer,
  series =	 lncs,
  volume =	 2919,
  year =	 2004
}

@Proceedings{sat04,
  editor =	 "H. Hoos and D. Mitchell",
  title =	 "Proceedings of the Seventh International Conference on Theory and Applications of Satisfiability Testing (SAT'04)",
  booktitle =	 "Proceedings of the Seventh International Conference on Theory and Applications of Satisfiability Testing (SAT'04)",
  publisher =	 springer,
  series =	 lncs,
  volume =	 3542,
  year =	 2004
}

@Proceedings{sat05,
  editor =	 "F. Bacchus and T. Walsh",
  title =	 "Proceedings of the Eighth International Conference on Theory and Applications of Satisfiability Testing (SAT'05)",
  booktitle =	 "Proceedings of the Eighth International Conference on Theory and Applications of Satisfiability Testing (SAT'05)",
  publisher =	 springer,
  series =	 lncs,
  volume =	 3569,
  year =	 2005
}

@Proceedings{sat06,
  editor =	 "A. Biere and C. Gomes",
  title =	 "Proceedings of the Ninth International Conference on Theory and Applications of Satisfiability Testing (SAT'06)",
  booktitle =	 "Proceedings of the Ninth International Conference on Theory and Applications of Satisfiability Testing (SAT'06)",
  publisher =	 springer,
  series =	 lncs,
  volume =	 4121,
  year =	 2006
}

@Proceedings{sat07,
  editor =	 "J. Marques-Silva and K. Sakallah",
  title =	 "Proceedings of the Tenth International Conference on Theory and Applications of Satisfiability Testing (SAT'07)",
  booktitle =	 "Proceedings of the Tenth International Conference on Theory and Applications of Satisfiability Testing (SAT'07)",
  publisher =	 springer,
  series =	 lncs,
  volume =	 4501,
  year =	 2007
}

@Proceedings{sat08,
  editor =	 "H. {Kleine B{\"u}ning} and X. Zhao",
  title =	 "Proceedings of the Eleventh International Conference on Theory and Applications of Satisfiability Testing (SAT'08)",
  booktitle =	 "Proceedings of the Eleventh International Conference on Theory and Applications of Satisfiability Testing (SAT'08)",
  publisher =	 springer,
  series =	 lncs,
  volume =	 4996,
  year =	 2008
}

@Proceedings{sat09,
  editor =	 "O. Kullmann",
  title =	 "Proceedings of the Twelfth International Conference on Theory and Applications of Satisfiability Testing (SAT'09)",
  booktitle =	 "Proceedings of the Twelfth International Conference on Theory and Applications of Satisfiability Testing (SAT'09)",
  publisher =	 springer,
  series =	 lncs,
  volume =	 5584,
  year =	 2009
}

@Proceedings{sat10,
  editor =	 "O. Strichman and S. Szeider",
  title =	 "Proceedings of the Thirteenth International Conference on Theory and Applications of Satisfiability Testing (SAT'10)",
  booktitle =	 "Proceedings of the Thirteenth International Conference on Theory and Applications of Satisfiability Testing (SAT'10)",
  publisher =	 springer,
  series =	 lncs,
  volume =	 6175,
  year =	 2010
}

@Proceedings{sat11,
  editor =	 "K. Sakallah and L. Simon",
  title =	 "Proceedings of the Fourteenth International Conference on Theory and Applications of Satisfiability Testing (SAT'11)",
  booktitle =	 "Proceedings of the Fourteenth International Conference on Theory and Applications of Satisfiability Testing (SAT'11)",
  publisher =	 springer,
  series =	 lncs,
  volume =	 6695,
  year =	 2011
}

@Proceedings{sat12,
  editor =	 "A. Cimatti and R. Sebastiani",
  title =	 "Proceedings of the Fifteenth International Conference on Theory and Applications of Satisfiability Testing (SAT'12)",
  booktitle =	 "Proceedings of the Fifteenth International Conference on Theory and Applications of Satisfiability Testing (SAT'12)",
  publisher =	 springer,
  series =	 lncs,
  volume =	 7317,
  year =	 2012
}

@Proceedings{sat15,
  editor =	 "M. Heule and S. Weaver",
  title =	 "Proceedings of the Eighteenth International Conference on Theory and Applications of Satisfiability Testing (SAT'15)",
  booktitle =	 "Proceedings of the Eighteenth International Conference on Theory and Applications of Satisfiability Testing (SAT'15)",
  publisher =	 springer,
  series =	 lncs,
  volume =	 9340,
  year =	 2015
}

@Proceedings{satbooklet09,
  editor =	 "D. {Le Berre} and O. Roussel and L. Simon and V. Manquinho and J. Argelich and C. Li and F. Many{\`a} and J. Planes",
  title =	 "{SAT} 2009 competitive events booklet: preliminary version",
  booktitle =	 "{SAT} 2009 competitive events booklet: preliminary version",
  year =	 2009,
  note =	 "Available at \url{http://www.cril.univ-artois.fr/SAT09/solvers/booklet.pdf}"
}

@Proceedings{satchallenge12,
  editor =	 "A. Balint and A. Belov and D. Diepold and S. Gerber and M. J{\"a}rvisalo and C. Sinz",
  title =	 "Proceedings of {SAT} Challenge 2012: Solver and Benchmark Descriptions",
  booktitle =	 "Proceedings of {SAT} Challenge 2012: Solver and Benchmark Descriptions",
  publisher =	 "University of Helsinki",
  year =	 2012,
  series =	 "Department of Computer Science Series of Publications B",
  volume =	 "B-2012-2",
  note =	 "Available at \url{https://helda.helsinki.fi/handle/10138/34218}"
}

@Proceedings{sbmf09,
  editor =	 "M. Oliveira and J. Woodcock",
  title =	 "Proceedings of the Twelfth Brazilian Symposium on Formal Methods (SBMF'09)",
  booktitle =	 "Proceedings of the Twelfth Brazilian Symposium on Formal Methods (SBMF'09)",
  publisher =	 springer,
  series =	 lncs,
  volume =	 5902,
  year =	 2009
}

@Proceedings{sc03,
  title =	 "Proceedings of the Sixteenth International Conference for High Performance Computing, Networking, Storage, and Analysis (SC'03)",
  booktitle =	 "Proceedings of the Sixteenth International Conference for High Performance Computing, Networking, Storage, and Analysis (SC'03)",
  publisher =	 ieee,
  year =	 2003
}

@Proceedings{sea07,
  title =	 "Proceedings of the First Workshop on Software Engineering for Answer Set Programming (SEA'07)",
  booktitle =	 "Proceedings of the First Workshop on Software Engineering for Answer Set Programming (SEA'07)",
  editor =	 "M. {de Vos} and T. Schaub",
  year =	 2007,
  publisher =	 "CEUR Workshop Proceedings",
  volume =	 281,
  url =		 "http://ceur-ws.org/Vol-281"
}

@Proceedings{sea09,
  title =	 "Proceedings of the Second Workshop on Software Engineering for Answer Set Programming (SEA'09)",
  booktitle =	 "Proceedings of the Second Workshop on Software Engineering for Answer Set Programming (SEA'09)",
  editor =	 "M. {de Vos} and T. Schaub",
  year =	 2009,
  publisher =	 "CEUR Workshop Proceedings",
  volume =	 546,
  url =		 "http://ceur-ws.org/Vol-546"
}

@Proceedings{siekmann60,
  editor =	 "D. Hutter and W. Stephan",
  title =	 "Mechanizing Mathematical Reasoning, Essays in Honor of J{\"o}rg H. Siekmann on the Occasion of His 60th Birthday",
  booktitle =	 "Mechanizing Mathematical Reasoning",
  publisher =	 springer,
  series =	 lncs,
  volume =	 2605,
  year =	 2005
}

@Proceedings{sigmod05,
  editor =	 "F. {\"O}zcan",
  title =	 "Proceedings of the ACM SIGMOD International Conference on Management of Data (SIGMOD'05)",
  booktitle =	 "Proceedings of the ACM SIGMOD International Conference on Management of Data (SIGMOD'05)",
  publisher =	 "ACM Press",
  year =	 2005
}

@Proceedings{socs11,
  editor =	 "D. Borrajo and M. Likhachev and C. L{\'o}pez",
  title =	 "Proceedings of the Fourth Annual Symposium on Combinatorial Search (SOCS'11)",
  booktitle =	 "Proceedings of the Fourth Annual Symposium on Combinatorial Search (SOCS'11)",
  publisher =	 aaai,
  year =	 2011
}

@Proceedings{soda02,
  title =	 "Proceedings of the Thirteenth Annual ACM-SIAM Symposium on Discrete Algorithms (SODA'02)",
  booktitle =	 "Proceedings of the Thirteenth Annual ACM-SIAM Symposium on Discrete Algorithms (SODA'02)",
  publisher =	 "Society for Industrial and Applied Mathematics",
  year =	 2002
}

@Proceedings{tableaux00,
  editor =	 "R. Dyckhoff",
  title =	 "Proceedings of the Ninth International Conference on Automated Reasoning with Analytic Tableaux and Related Methods (TABLEAUX'00)",
  booktitle =	 "Proceedings of the Ninth International Conference on Automated Reasoning with Analytic Tableaux and Related Methods (TABLEAUX'00)",
  publisher =	 springer,
  series =	 lncs,
  volume =	 1847,
  year =	 2000
}

@Proceedings{tableaux02,
  editor =	 "U. Egly and C. Ferm{\"u}ller",
  title =	 "Proceedings of the Eleventh International Conference on Automated Reasoning with Analytic Tableaux and Related Methods
                  (TABLEAUX'02)",
  booktitle =	 "Proceedings of the Eleventh International Conference on Automated Reasoning with Analytic Tableaux and Related Methods
                  (TABLEAUX'02)",
  publisher =	 springer,
  series =	 lncs,
  volume =	 2381,
  year =	 2002
}

@Proceedings{tableaux05,
  editor =	 "B. Beckert",
  title =	 "Proceedings of the Fourteenth International Conference on Automated Reasoning with Analytic Tableaux and Related Methods
                  (TABLEAUX'05)",
  booktitle =	 "Proceedings of the Fourteenth International Conference on Automated Reasoning with Analytic Tableaux and Related Methods
                  (TABLEAUX'05)",
  publisher =	 springer,
  series =	 lncs,
  volume =	 3702,
  year =	 2005
}

@Proceedings{tacas05,
  title =	 "Proceedings of the Eleventh International Conference on Tools and Algorithms for the Construction and Analysis of Systems
                  (TACAS'05)",
  booktitle =	 "Proceedings of the Eleventh International Conference on Tools and Algorithms for the Construction and Analysis of Systems
                  (TACAS'05)",
  year =	 2005,
  editor =	 "N. Halbwachs and L. Zuck",
  volume =	 3440,
  series =	 lncs,
  publisher =	 springer
}

@Proceedings{tacas08,
  title =	 "Proceedings of the Fourteenth International Conference on Tools and Algorithms for the Construction and Analysis of Systems
                  (TACAS'08)",
  booktitle =	 "Proceedings of the Fourteenth International Conference on Tools and Algorithms for the Construction and Analysis of Systems
                  (TACAS'08)",
  year =	 2008,
  editor =	 "C. Ramakrishnan and J. Rehof",
  volume =	 4963,
  series =	 lncs,
  publisher =	 springer
}

@Proceedings{tacas10,
  editor =	 "J. Esparza and R. Majumdar",
  title =	 "Proceedings of the Sixteenth International Conference on Tools and Algorithms for the Construction and Analysis of Systems
                  (TACAS'10)",
  booktitle =	 "Proceedings of the Sixteenth International Conference on Tools and Algorithms for the Construction and Analysis of Systems
                  (TACAS'10)",
  publisher =	 springer,
  series =	 lncs,
  volume =	 6015,
  year =	 2010
}

@Proceedings{tacas98,
  editor =	 "B. Steffen",
  title =	 "Proceedings of the Fourth International Conference on Tools and Algorithms for Construction and Analysis of Systems (TACAS'98)",
  booktitle =	 "Proceedings of the Fourth International Conference on Tools and Algorithms for Construction and Analysis of Systems (TACAS'98)",
  publisher =	 springer,
  series =	 lncs,
  volume =	 1384,
  year =	 1998
}

@Proceedings{vl65,
  editor =	 "E. Erdem and J. Lee and Y. Lierler and D. Pearce",
  title =	 "Correct Reasoning: Essays on Logic-Based {AI} in Honour of {V}ladimir {L}ifschitz",
  booktitle =	 "Correct Reasoning: Essays on Logic-Based {AI} in Honour of {V}ladimir {L}ifschitz",
  publisher =	 springer,
  year =	 2012,
  volume =	 7265,
  series =	 lncs
}

@Proceedings{vldb02,
  title =	 "Proceedings of Twenty-eighth International Conference on Very Large Data Bases (VLDB'02)",
  booktitle =	 "Proceedings of Twenty-eighth International Conference on Very Large Data Bases (VLDB'02)",
  publisher =	 m-k,
  year =	 2002
}

@Proceedings{vldb03,
  editor =	 "J. Freytag and P. Lockemann and S. Abiteboul and M. Carey and P. Selinger and A. Heuer",
  title =	 "Proceedings of Twenty-ninth International Conference on Very Large Data Bases (VLDB'03)",
  booktitle =	 "Proceedings of Twenty-ninth International Conference on Very Large Data Bases (VLDB'03)",
  publisher =	 m-k,
  year =	 2003
}

@Proceedings{vldb06,
  editor =	 "U. Dayal and K. Whang and D. B. Lomet and G. Alonso and G. M. Lohman and M. L. Kersten and S. K. Cha and Y. Kim",
  title =	 "Proceedings of the Thirty-second International Conference on Very Large Data Bases",
  booktitle =	 "Proceedings of the Thirty-second International Conference on Very Large Data Bases",
  publisher =	 "ACM Press",
  year =	 2006
}

@Proceedings{vldb90,
  editor =	 "D. McLeod and R. Sacks{-}Davis and H. Schek",
  title =	 "Proceedings of the Sixteenth International Conference on Very Large Data Bases (VLDB'90)",
  booktitle =	 "Proceedings of the Sixteenth International Conference on Very Large Data Bases (VLDB'90)",
  publisher =	 m-k,
  year =	 1990
}

@Proceedings{wabi08,
  editor =	 "K. Crandall and J. Lagergren",
  title =	 "Proceedings of the Eighth International Workshop on Algorithms in Bioinformatics (WABI'08)",
  booktitle =	 "Proceedings of the Eighth International Workshop on Algorithms in Bioinformatics (WABI'08)",
  publisher =	 springer,
  series =	 lncs,
  volume =	 5251,
  year =	 2008
}

@Proceedings{wcb08,
  title =	 "Proceedings of the Workshop on Constraint Based Methods for Bioinformatics (WCB'08)",
  booktitle =	 "Proceedings of the Workshop on Constraint Based Methods for Bioinformatics (WCB'08)",
  year =	 2008
}

@Proceedings{wcb16,
  editor =	 "A. Dovier and A. {Dal Palù} and S. {de Givry}",
  title =	 "Proceedings of the Workshop on Constraint Based Methods for Bioinformatics (WCB'16)",
  booktitle =	 "Proceedings of the Workshop on Constraint Based Methods for Bioinformatics (WCB'16)",
  year =	 2008
}

@Proceedings{wi06,
  title =	 "Proceedings of the International Conference on Web Intelligence (WI'06)",
  booktitle =	 "Proceedings of the International Conference on Web Intelligence (WI'06)",
  publisher =	 ieee,
  year =	 2006
}

@Proceedings{wlp06,
  editor =	 "M. Fink and H. Tompits and S. Woltran",
  title =	 "Proceedings of the Twentieth Workshop on Logic Programming (WLP'06)",
  booktitle =	 "Proceedings of the Twentieth Workshop on Logic Programming (WLP'06)",
  number =	 "INFSYS RR-1843-06-02",
  series =	 "Technical Report Series",
  organization = "Technische Universit{\"a}t Wien",
  year =	 2006
}

@Proceedings{wlpe01,
  editor =	 "A. Kusalik",
  title =	 "Proceedings of the Eleventh Workshop on Logic Programming Environments (WLPE'01)",
  booktitle =	 "Proceedings of the Eleventh Workshop on Logic Programming Environments (WLPE'01)",
  year =	 2001
}

@Proceedings{wwst05,
  editor =	 "S. Art{\"e}mov and H. Barringer and A. d'Avila Garcez and L. Lamb and J. Woods",
  title =	 "We Will Show Them! Essays in Honour of Dov Gabbay",
  booktitle =	 "We Will Show Them! Essays in Honour of Dov Gabbay",
  volume =	 1,
  publisher =	 "College Publications",
  year =	 2005
}

@Proceedings{www09,
  editor =	 "J. Quemada and G. Le{\'o}n and Y. Maarek and W. Nejdl",
  title =	 "Proceedings of the Eighteenth International Conference on World Wide Web (WWW'09)",
  booktitle =	 "Proceedings of the Eighteenth International Conference on World Wide Web (WWW'09)",
  publisher =	 acm,
  year =	 2009
}

@Proceedings{zue12,
  editor =	 "R. Drechsler and G. Fey",
  title =	 "Sechste GMM/GI/ITG-Fachtagung f{\"u}r Zuverl{\"a}ssigkeit und Entwurf (ZuE'12)",
  booktitle =	 "Sechste GMM/GI/ITG-Fachtagung f{\"u}r Zuverl{\"a}ssigkeit und Entwurf (ZuE'12)",
  year =	 2012
}

@Proceedings{nips06,
  editor =	 "B. Sch{\"{o}}lkopf and J. Platt and T. Hofmann",
  title =	 "Proceedings of the Twentieth Annual Conference on Neural Information Processing Systems (NIPS'06)",
  booktitle =	 "Proceedings of the Twentieth Annual Conference on Neural Information Processing Systems (NIPS'06)",
  publisher =	 "{MIT} Press",
  year =	 2007
}

@Proceedings{nips13,
  editor =	 "C. Burges and L. Bottou and Z. Ghahramani and K. Weinberger",
  title =	 "Proceedings of the Twenty-seventh Annual Conference on Neural Information Processing Systems (NIPS'13)",
  booktitle =	 "Proceedings of the Twenty-seventh Annual Conference on Neural Information Processing Systems (NIPS'13)",
  publisher =	 "Neural Information Processing Systems Foundation",
  series =	 "Advances in Neural Information Processing Systems",
  volume =	 26,
  year =	 2013
}

@Proceedings{ilp01,
  editor =	 "C. Rouveirol and M. Sebag",
  title =	 "Proceedings of the Eleventh International Conference on Inductive Logic Programming (ILP'01)",
  booktitle =	 "Proceedings of the Eleventh International Conference on Inductive Logic Programming (ILP'01)",
  publisher =	 springer,
  series =	 lncs,
  volume =	 2157,
  year =	 2001
}

@Proceedings{kdd98,
  editor =	 "R. Agrawal and P. Stolorz and G. Piatetsky-Shapiro",
  title =	 "Proceedings of the Fourth International Conference on Knowledge Discovery and Data Mining (KDD'98)",
  booktitle =	 "Proceedings of the Fourth International Conference on Knowledge Discovery and Data Mining (KDD'98)",
  publisher =	 "AAAI Press",
  year =	 1998
}

@Proceedings{ab07,
  editor =	 "H. Anai and K. Horimoto and T. Kutsia",
  title =	 "Proceedings of the Second International Conference on Algebraic Biology (AB'07)",
  booktitle =	 "Proceedings of the Second International Conference on Algebraic Biology (AB'07)",
  publisher =	 springer,
  series =	 lncs,
  volume =	 4545,
  year =	 2007
}

@Proceedings{cpaior08,
  editor =	 "L. Perron and M. Trick",
  title =	 "Proceedings of the Fifth International Conference on Integration of AI and OR Techniques in Constraint Programming for Combinatorial
                  Optimization Problems (CPAIOR'08)",
  booktitle =	 "Proceedings of the Fifth International Conference on Integration of AI and OR Techniques in Constraint Programming for Combinatorial
                  Optimization Problems (CPAIOR'08)",
  publisher =	 springer,
  series =	 lncs,
  volume =	 5015,
  year =	 2008
}

@Proceedings{fmcad00,
  editor =	 "W. Hunt and S. Johnson",
  title =	 "Proceedings of the Third International Conference on Formal Methods in Computer-Aided Design (FMCAD'00)",
  booktitle =	 "Proceedings of the Third International Conference on Formal Methods in Computer-Aided Design (FMCAD'00)",
  series =	 lncs,
  volume =	 1954,
  publisher =	 springer,
  year =	 2000
}

@Proceedings{patat16,
  editor =	 "E. Burke and L. Di Gaspero and B. McCollum and A. Schaerf and E. {\"O}zcan",
  title =	 "Proceedings of the Eleventh International Conference of the Practice and Theory of Automated Timetabling (PATAT'16)",
  booktitle =	 "Proceedings of the Eleventh International Conference of the Practice and Theory of Automated Timetabling (PATAT'16)",
  year =	 2016,
}

@Proceedings{iclp-lipics16,
  editor =	 "M. Carro and A. King",
  title =	 "Technical Communications of the Thirty-second International Conference on Logic Programming (ICLP'16)",
  booktitle =	 "Technical Communications of the Thirty-second International Conference on Logic Programming (ICLP'16)",
  volume =	 52,
  year =	 2016,
  series =	 "OpenAccess Series in Informatics (OASIcs)",
  publisher =	 "Schloss Dagstuhl--Leibniz-Zentrum fuer Informatik"
}

@Proceedings{icra14,
  title =	 "Proceedings of the IEEE International Conference on Robotics and Automation (ICRA'14)",
  booktitle =	 "Proceedings of the IEEE International Conference on Robotics and Automation (ICRA'14)",
  publisher =	 "IEEE",
  year =	 2014
}

@Proceedings{icaps16,
  editor =	 "A. Coles and A. Coles and S. Edelkamp and D. Magazzeni and S. Sanner",
  title =	 "Proceedings of the Twenty-sixth International Conference on Automated Planning and Scheduling (ICAPS'16)",
  booktitle =	 "Proceedings of the Twenty-sixth International Conference on Automated Planning and Scheduling (ICAPS'16)",
  publisher =	 "AAAI Press",
  year =	 2016
}

@Proceedings{ai12,
  editor =	 "L. Kosseim and D. Inkpen",
  title =	 "Proceedings of the Twenty-fifth Canadian Conference on Artificial Intelligence (AI'12)",
  booktitle =	 "Proceedings of the Twenty-fifth Canadian Conference on Artificial Intelligence (AI'12)",
  publisher =	 springer,
  series =	 lncs,
  volume =	 7310,
  year =	 2012
}

@Proceedings{ipc14,
  title =	 "Proceedings of the Eighth International Planning Competition (IPC'14)",
  booktitle =	 "Proceedings of the Eighth International Planning Competition (IPC'14)",
  editor =	 "M. Vallati and L. Chrpa and T. McCluskey",
  year =	 2014,
  publisher =	 "University of Huddersfield",
  url =		 "https://helios.hud.ac.uk/scommv/IPC-14/repository/booklet2014.pdf"
}

@Proceedings{rcra15,
  editor =	 "S. Bistarelli and A. Formisano and M. Maratea",
  title =	 "Proceedings of the Twenty-second RCRA International Workshop on Experimental Evaluation of Algorithms for Solving Problems with
                  Combinatorial Explosion (RCRA'15)",
  booktitle =	 "Proceedings of the Twenty-second RCRA International Workshop on Experimental Evaluation of Algorithms for Solving Problems with
                  Combinatorial Explosion (RCRA'15)",
  publisher =	 "CEUR Workshop Proceedings",
  volume =	 1451,
  year =	 2015
}

@Proceedings{rw17,
  editor =	 "G. Ianni and D. Lembo and L. Bertossi and W. Faber and B. Glimm and G. Gottlob and S. Staab",
  title =	 "Proceedings of the Thirteenth International Summer School of the Reasoning Web",
  booktitle =	 "Proceedings of the Thirteenth International Summer School of the Reasoning Web",
  year =	 2017,
  volume =	 10370,
  series =	 lncs,
  publisher =	 springer
}

@Proceedings{smc17,
  title =	 "Proceedings of the Fourteenth Sound and Music Computing Conference (SMC'17)",
  booktitle =	 "Proceedings of the Fourteenth Sound and Music Computing Conference (SMC'17)",
  year =	 2017,
  editor =	 "T. Lokki and J. Pätynen and V. Välimäki",
  publisher =	 "Aalto University"
}

@Proceedings{ijcai17,
  editor =	 "C. Sierra",
  title =	 "Proceedings of the Twenty-sixth International Joint Conference on Artificial Intelligence (IJCAI'17)",
  booktitle =	 "Proceedings of the Twenty-sixth International Joint Conference on Artificial Intelligence (IJCAI'17)",
  publisher =	 "IJCAI/AAAI Press",
  year =	 2017
}

@Proceedings{ijcai18,
  editor =	 "J. Lang",
  booktitle =	 "Proceedings of the Twenty-seventh International Joint Conference on Artificial Intelligence (IJCAI'18)",
  title =	 "Proceedings of the Twenty-seventh International Joint Conference on Artificial Intelligence (IJCAI'18)",
  publisher =	 "ijcai.org",
  year =	 2018,
  url =		 "http://www.ijcai.org/proceedings/2018"
}

@Proceedings{aamas16,
  editor =	 "C. Jonker and S. Marsella and J. Thangarajah and K. Tuyls",
  title =	 "Proceedings of the Fifteenth International Conference on Autonomous Agents and Multiagent Systems (AAMAS'16)",
  booktitle =	 "Proceedings of the Fifteenth International Conference on Autonomous Agents and Multiagent Systems (AAMAS'16)",
  publisher =	 acm,
  year =	 2016
}

@Proceedings{aspocp16,
  editor =	 "B. Bogaerts and A. Harrison",
  title =	 "Proceedings of the Ninth Workshop on Answer Set Programming and Other Computing Paradigms (ASPOCP'16)",
  booktitle =	 "Proceedings of the Ninth Workshop on Answer Set Programming and Other Computing Paradigms (ASPOCP'16)",
  year =	 2016,
  url =		 "https://sites.google.com/site/aspocp2016/"
}

@Proceedings{bpm16,
  editor =	 "M. La Rosa and P. Loos and O. Pastor",
  title =	 "Proceedings of the Business Process Management Forum (BPM'16)",
  booktitle =	 "Proceedings of the Business Process Management Forum (BPM'16)",
  publisher =	 springer,
  series =	 "Lecture Notes in Business Information Processing",
  volume =	 260,
  year =	 2016
}

@Proceedings{cp95,
  editor =	 "U. Montanari and F. Rossi",
  title =	 "Proceedings of the First International Conference on Principles and Practice of Constraint Programming (CP'95)",
  booktitle =	 "Proceedings of the First International Conference on Principles and Practice of Constraint Programming (CP'95)",
  publisher =	 springer,
  series =	 lncs,
  volume =	 976,
  year =	 1995
}

@Proceedings{popl80,
  editor =	 "P. Abrahams and R. Lipton and S. Bourne",
  title =	 "Proceedings of the Seventh Symposium on Principles of Programming Languages (POPL'80)",
  booktitle =	 "Proceedings of the Seventh Symposium on Principles of Programming Languages (POPL'80)",
  publisher =	 acm,
  year =	 1980
}

@Proceedings{aspdac18,
  editor = "Y. Shin",
  title =	 "Proceedings of the Twenty-third Asia and South Pacific Design Automation Conference (ASP-DAC'18)",
  booktitle =	 "Proceedings of the Twenty-third Asia and South Pacific Design Automation Conference (ASP-DAC'18)",
  publisher =	 "{IEEE}",
  year =	 2018,
  url =		 "http://ieeexplore.ieee.org/xpl/mostRecentIssue.jsp?punumber=8291862"
}

@Proceedings{icaps18,
  editor =	 "M. {de Weerdt} and S. Koenig and G. R{\"o}ger and M. Spaan",
  title =	 "Proceedings of the Twenty-eighth International Conference on Automated Planning and Scheduling (ICAPS'18)",
  booktitle =	 "Proceedings of the Twenty-eighth International Conference on Automated Planning and Scheduling (ICAPS'18)",
  publisher =	 "AAAI Press",
  year =	 2018
}

@Proceedings{icaps17,
  editor =	 "L. Barbulescu and J. Frank and Mausam and S. Smith",
  title =	 "Proceedings of the Twenty-seventh International Conference on Automated Planning and Scheduling (ICAPS'17)",
  booktitle =	 "Proceedings of the Twenty-seventh International Conference on Automated Planning and Scheduling (ICAPS'17)",
  publisher =	 "AAAI Press",
  year =	 2017
}

@Proceedings{spin10,
  editor =	 "J. {van de Pol} and M. Weber",
  title =	 "Proceedings of the Seventeenth International {SPIN} Workshop (SPIN'10)",
  booktitle =	 "Proceedings of the Seventeenth International {SPIN} Workshop (SPIN'10)",
  series =	 lncs,
  volume =	 6349,
  publisher =	 springer,
  year =	 2010
}


@Proceedings{kr18,
  title =	 "Proceedings of the Sixteenth International Conference on Principles of Knowledge Representation and Reasoning (KR'18)",
  booktitle =	 "Proceedings of the Sixteenth International Conference on Principles of Knowledge Representation and Reasoning (KR'18)",
  editor =	 "M. Thielscher and F. Toni and F. Wolter",
  publisher =	 "AAAI Press",
  year =	 2018,
}
